3642 5309
709 350 776 401 oar.
794 347 841 399 rx.
877 349 1051 401 ramems.
1485 327 1534 403 ts

223 504 318 573 medio
346 504 480 582 samnio,
511 524 571 594 quo
600 501 822 571 devastantibus
844 500 937 570 Daris
962 504 1104 581 insulam,
1133 501 1283 569 literarum
1311 502 1442 570 studium
1470 526 1539 572 cra·

223 616 296 680 nuit
335 612 401 679 lam
422 633 494 679 vcro
518 611 551 679 si
571 608 668 692 eece,
697 630 785 699 quun
807 608 958 679 Patricii
977 612 1110 698 scripto
1129 608 1359 697 perhibentem,
1386 609 1443 677 lx
1461 632 1538 679 aoe-

224 720 299 789 culo
315 730 395 789 erest
411 720 614 807 emorita,
637 731 672 787 ut
687 733 798 789 comum
814 719 927 811 aliquid
941 718 978 787 de
992 720 1043 785 illo
1058 740 1287 810 cognoscamus,
1310 718 1457 787 afferenda
1471 733 1542 787 sunt

462 897 613 967 Peterson
635 899 843 989 scriptorum
865 900 907 969 dc
929 898 1086 970 Patricio
1108 900 1306 969 testimonio.

311 1044 359 1113 Ex
386 1046 433 1113 his
463 1046 698 1133 antiquissimum
728 1056 773 1109 est
800 1043 883 1132 quod
910 1047 942 1110 in
966 1042 1123 1111 Gnosiaci
1142 1040 1291 1131 epistdo
1318 1056 1426 1112 exstat.
1463 1044 1542 1113 bats

224 1156 303 1223 hunc
330 1176 401 1221 vcro
431 1152 520 1219 alium
544 1151 719 1219 Ennianum
742 1148 863 1219 Oeonor
884 1164 988 1221 testem
1009 1151 1111 1218 laudat
1136 1174 1225 1242 quem
1246 1174 1274 1219 a.
1290 1149 1356 1219 596
1379 1151 1542 1221 Columbae

225 1262 336 1340 Vitem,
367 1259 403 1327 dc
426 1281 485 1349 qua
506 1281 598 1349 supra
620 1258 765 1339 diximus,
793 1262 945 1350 scripsisse
968 1262 1081 1327 asserit
1126 1258 1171 1327 lbi
1198 1261 1279 1327 bunc
1303 1261 1403 1327 locum
1425 1274 1542 1329 exstare
1650 1334 1655 1343 ,

225 1367 364 1435 affirmat:
399 1368 567 1435 sPatricius
589 1390 716 1457 namque
737 1370 851 1458 primus
873 1368 1031 1435 Hiberniae
1052 1368 1205 1456 apostolus
1227 1390 1316 1434 avum
1337 1390 1542 1458 proauumque

224 1472 411 1561 (Columbae)
434 1489 464 1542 ct
485 1489 540 1543 cet
562 1474 749 1544 benedixit«
795 1476 889 1563 Quem
911 1477 1010 1543 locum
1030 1498 1127 1565 neque
1148 1478 1179 1541 in
1200 1476 1285 1543 Actis
1307 1474 1408 1543 Sanet.
1430 1476 1540 1544 Bened.

224 1606 320 1675 neque
341 1587 372 1649 in
385 1585 470 1652 Actis
485 1584 578 1662 Bell,
601 1582 809 1664 Jun.v·11,25
831 1587 942 1674 reperi,
966 1583 1019 1651 sed
1040 1583 1100 1651 boc
1114 1596 1246 1661 mutum,
1268 1585 1428 1651 Patricium
1450 1583 1542 1652 »cot

226 1696 303 1761 mani
321 1706 421 1759 natum
436 1691 651 1782 praedixisse«
686 1693 729 1759 dt
750 1715 842 1783 quum
858 1692 929 1759 Vita
950 1695 1007 1760 ista
1029 1712 1124 1782 neque
1147 1705 1206 1759 tam
1228 1693 1350 1781 subque
1371 1714 1467 1783 neque
1483 1692 1543 1762 Cn·

225 1806 322 1869 miano
344 1799 536 1869 adscribenda
558 1802 598 1869 sit
619 1796 710 1883 (conl.
734 1820 825 1888 snpra
847 1813 877 1867 ct
891 1801 959 1869 Act
975 1798 1009 1868 S.
1025 1797 1081 1885 ib.)
1102 1798 1292 1888 rejiciendum
1313 1812 1361 1867 cst
1380 1801 1440 1869 boc
1461 1804 1543 1870 teeti·

225 1932 365 1979 monium.

317 2016 472 2085 amon
491 2038 564 2085 vcro
586 2016 721 2106 Epistola
744 2014 780 2081 de
804 2016 955 2105 cyclorum
976 2016 1162 2083 Pascbalium
1185 2016 1406 2104 computatione
1428 2015 1468 2084 ad
1489 2017 1543 2086 Sc·

226 2131 344 2217 glanum
359 2125 507 2193 Abbatcm
522 2124 678 2214 Hyienscm
697 2120 747 2208 (ab
764 2147 791 2191 a.
808 2120 997 2205 ste-see)
1020 2127 1131 2213 scripta
1146 2146 1210 2191 cese
1223 2123 1351 2191 videtur.
1386 2124 1463 2193 Eum
1477 2148 1544 2193 cum

228 2234 370 2303 Cuminco
391 2233 521 2322 ejusdem
542 2234 711 2299 monasterii
725 2234 895 2322 praeposito
912 2228 1113 2318 (sot-660)
1129 2232 1253 2299 cundem
1268 2253 1346 2312 csse,
1371 2236 1473 2323 opinio
1489 2248 1543 2301 est.

227 2342 316 2429 Quod
331 2340 416 2409 valde
432 2340 552 2419 dubito,
575 2362 666 2431 quum
680 2341 727 2408 illc
741 2339 909 2407 Romanurn
924 2344 1013 2409 ritum
1029 2342 1162 2431 epistolis
1175 2340 1435 2420 recommendarit,
1458 2364 1545 2433 qncm

225 2452 370 2541 llyicnses
393 2472 420 2517 a.
442 2448 559 2519 demum
581 2446 646 2517 716
670 2460 806 2517 monento
821 2448 953 2539 Egbcrto
974 2463 1159 2539 receperunt
1193 2448 1279 2517 Unde
1300 2451 1387 2518 simul
1408 2450 1545 2542 intelligi·

228 2580 307 2637 mus,
330 2557 493 2647 Epistulam
516 2570 584 2623 ante
606 2558 685 2623 hunc
708 2579 816 2622 annum
839 2579 902 2623 esso
925 2559 1080 2646 scriptam,
1104 2579 1181 2646 quae
1203 2570 1233 2624 et
1252 2557 1427 2646 Scripturas
1444 2580 1545 2629 sacrae

227 2668 362 2733 versione
386 2686 475 2754 quam
497 2664 546 2731 illa
569 2662 706 2742 exbibet,
730 2662 851 2730 fulcitur
872 2666 1026 2731 sententia.
1063 2662 1140 2730 Nam
1162 2686 1201 2729 ex
1223 2662 1267 2731 20
1288 2663 1350 2732 lere
1370 2665 1445 2733 locis
1467 2690 1544 2734 unua

227 2788 342 2842 tantum
370 2796 437 2841 cnm
459 2772 604 2862 Vulgata,
640 2792 706 2839 cnm
732 2770 803 2837 ltela
831 2772 895 2850 alii,
926 2772 976 2837 alii
1003 2792 1070 2839 cnm
1099 2770 1213 2838 Graeco
1242 2784 1327 2839 textu
1354 2777 1544 2842 conveniunt.

227 2884 282 2952 Est
302 2894 455 2973 practerea
477 2880 610 2968 Epistola
633 2878 808 2945 cruditionis
831 2900 865 2945 ae
888 2878 1040 2946 doctrinae
1061 2879 1241 2947 luculentum
1263 2885 1419 2969 specimen.

316 2991 349 3057 ln
362 2991 419 3058 hac
432 2989 540 3080 igitur,
564 3001 599 3055 nt
613 2990 801 3055 convinceret
813 2987 959 3077 Hylenses
973 2989 1097 3067 erroris,
1118 2988 1242 3055 aliorum
1257 3010 1430 3057 caumana
1445 2992 1544 3081 cyclos

227 3098 384 3167 Pasebales
405 3100 552 3187 »primum
567 3097 672 3164 illum«
694 3101 735 3165 ait
756 3119 863 3186 »quem
878 3094 912 3163 S.
925 3094 1070 3164 Patricius
1091 3118 1170 3186 papa
1190 3110 1293 3165 noster
1312 3098 1383 3165 tulit
1402 3113 1433 3167 ct
1448 3099 1539 3167 facit«

229 3204 288 3291 (vel
316 3205 428 3273 ·lecit«
456 3218 492 3273 ut
514 3206 649 3273 Uenerius
671 3202 862 3295 suspicatur).

316 3315 425 3383 Exstat
445 3328 543 3382 antem
557 3314 692 3405 Epistola
712 3313 761 3379 illa
785 3316 815 3377 in
838 3311 939 3379 codice
957 3309 1038 3379 Cott
1051 3310 1111 3379 list.
1126 3313 1165 3392 A,
1181 3312 1235 3380 ΧΠ
1255 3309 1346 3398 (conl.
1361 3314 1461 3383 ercr.
1477 3314 1547 3407 Syl·

231 3426 298 3515 loge
319 3420 379 3508 xl)
403 3444 505 3512 quem,
535 3444 625 3512 quum
648 3420 810 3489 simillimus
832 3422 871 3487 sit
892 3420 985 3487 literis
1007 3420 1072 3486 aliis
1092 3420 1123 3487 X
1145 3432 1175 3487 et
1194 3421 1237 3487 xl
1257 3422 1368 3489 saeculi
1393 3424 1546 3493 codicibus

230 3528 368 3615 (maxime
382 3530 538 3599 Harleiano
562 3530 639 3598 conl.
661 3526 779 3620 supra),
802 3528 861 3596 hoc
882 3526 944 3595 lere
966 3541 1098 3617 tempore
1120 3531 1262 3617 seriptum
1284 3552 1348 3597 case
1370 3538 1544 3621 putaverim.

318 3638 361 3708 At
388 3642 415 3706 si
441 3660 511 3706 vcra
531 3639 676 3707 Patricius
700 3637 938 3705 observationem
959 3636 1091 3703 Paschae
1110 3636 1276 3703 Romanam
1299 3640 1442 3721 instituit,
1472 3663 1549 3732 qno·

230 3746 318 3817 modo
348 3748 458 3815 lactum
486 3759 546 3824 cst,
575 3760 610 3814 ut
636 3760 697 3814 tam
726 3746 934 3813 Hiberniemes
962 3765 1050 3834 quam
1076 3742 1221 3834 Hyicuses
1242 3745 1284 3812 Vl
1304 3760 1336 3813 ct
1357 3748 1408 3815 Vll
1429 3751 1546 3817 sacculo

231 3859 379 3925 diversum
407 3854 582 3922 allomano
610 3853 662 3921 sed
692 3852 816 3921 eundem
844 3875 878 3921 ae
907 3852 1043 3919 liritonas
1069 3852 1200 3921 Pascbac
1228 3854 1372 3922 calculum
1400 3869 1430 3923 ct
1457 3860 1547 3925 ritum

232 3968 324 4035 secuti
352 3966 426 4044 sint,
463 3975 498 4030 ut
526 3962 594 4031 dein
622 3960 783 4031 Cumianuc
811 3964 875 4052 ipse
903 3984 921 4027 a
949 3962 1053 4051 legatia
1081 3959 1198 4030 &mum
1226 3962 1267 4029 ob
1293 3963 1372 4031 banc
1396 3987 1458 4032 rem
1484 3966 1548 4033 Ro·

231 4098 308 4143 mam
337 4075 433 4139 miscis
462 4070 585 4139 edoctus
607 4072 775 4139 Romanum
796 4093 884 4139 usum
905 4072 1062 4159 receperit,
1093 4082 1129 4136 nt
1150 4069 1277 4160 deniqne
1298 4074 1331 4137 in
1351 4072 1468 4163 synodo
1491 4076 1547 4141 ista

232 4180 504 4253 Strcaneshalcbiac
527 4178 627 4247 babita
648 4202 676 4247 a.
692 4176 773 4259 664,
797 4179 995 4247 subtilissimis
1010 4176 1169 4247 Scotorum
1189 4176 1349 4247 adversarii
1368 4184 1548 4272 argumentis

232 4296 292 4361 sint
312 4292 375 4370 usi,
399 4311 490 4381 quum
512 4310 572 4355 una
592 4288 712 4355 Patricii
734 4291 909 4355 anctoritate
932 4308 982 4353 cos
1004 4285 1088 4355 facile
1111 4286 1349 4355 consuluerint?

320 4396 457 4476 Accedit,
488 4396 570 4487 quod
592 4396 682 4465 verba
711 4400 767 4464 ista
794 4398 836 4462 ita
859 4408 982 4475 sonant,
1015 4398 1100 4486 quasi
1120 4396 1267 4463 Patricius
1290 4395 1426 4464 Cumiani
1453 4411 1549 4467 aetate

233 4512 350 4578 vixerit
392 4504 523 4575 Tueatur
543 4504 650 4595 ipitur
672 4512 752 4573 amc
772 4500 1007 4590 difficultates,
1027 4512 1069 4571 ac
1088 4500 1186 4574 iocur
1208 4501 1268 4572 illc
1287 4503 1392 4572 valde
1411 4504 1547 4589 dubiae,

232 4640 275 4687 rac
298 4618 409 4685 dicum
428 4616 528 4704 ficem
551 4632 624 4683 csse
646 4620 828 4702 apperens.
863 4612 1033 4681 Alibrariis
1055 4616 1133 4680 enim
1153 4614 1227 4681 tales
1242 4624 1333 4682 notae
1355 4632 1446 4704 quum
1460 4637 1549 4705 saepe

235 4726 322 4806 alias,
345 4739 408 4793 tum
430 4728 460 4791 in
482 4726 599 4813 scriptis
622 4744 698 4814 quae
720 4722 779 4790 buc
800 4724 963 4812 pertinent,
986 4725 1113 4791 insertae
1134 4736 1214 4790 sunt.

321 4834 493 4905 inliceret
514 4834 590 4903 cuim
611 4830 704 4913 Vita,
727 4852 816 4925 quam
831 4828 953 4901 Ooonor
971 4830 1174 4926 imprudenter
1194 4828 1335 4912 adduxit,
1359 4830 1454 4924 qualis
1469 4830 1551 4925 apud
