3642 5309
662 322 728 371 ose.
748 322 768 371 1.
804 322 924 371 anuas.
1432 300 1454 370 7

126 471 277 564 inteliipa‘
300 472 395 556 dcet,
422 472 555 543 Gildone
577 473 792 561 antiquitatis
813 494 938 569 porum
957 475 1068 560 fuisse
1084 476 1245 562 paritum.
1282 471 1364 557 Quae
1386 474 1456 540 inde

129 604 226 673 usque
253 584 292 649 ad
317 583 530 650 Diocletianum
557 585 790 671 persecutionem
819 583 1001 649 aRomauis
1030 596 1113 671 gesta
1141 597 1212 649 suut
1240 584 1347 648 omisit.
1393 580 1455 647 Sed

129 692 224 757 multo
247 690 431 781 diligentius,
456 714 531 781 quae
555 691 591 757 de
606 692 738 757 Martiam
753 692 869 771 retulit,
894 692 932 759 ab
949 696 1078 757 externis
1095 692 1196 758 hausit
1209 690 1353 769 sontibus,
1378 712 1454 779 quos

129 823 190 889 quo
214 798 329 867 facilius
350 800 466 866 indoles
481 799 585 869 Gildac
608 812 697 891 atquo
719 802 795 867 ratio
818 804 849 865 in
870 799 1074 889 componenda
1095 800 1220 867 historia
1236 799 1377 878 illuceat,
1402 798 1454 864 ad·

128 907 244 977 dandos
267 910 509 979 existimavimus.

271 1088 392 1157 Gildos
416 1084 507 1175 §ts
534 1088 576 1157 Χ.
794 1089 972 1179 Sulpiciae
996 1088 1073 1158 Sao.
1100 1086 1180 1157 Vita
1203 1085 1354 1155 Martini
1374 1086 1428 1155 93.

181 1236 330 1325 »Itemque
366 1234 483 1301 tandem
516 1246 711 1324 tyrannorum
817 1235 988 1301 »Maximus
1010 1236 1118 1301 ieroeis
1141 1238 1251 1324 ingenii
1273 1235 1321 1299 vir
1343 1246 1372 1300 et
1394 1232 1455 1299 hel·

125 1344 267 1432 virgultis
282 1342 540 1410 crescentibus...
558 1342 652 1407 insula
764 1344 860 1409 lorum
884 1344 1014 1409 civilium
1035 1347 1161 1409 victoria
1184 1343 1310 1409 elatus.‹

125 1473 249 1543 germen
269 1473 339 1517 suae
357 1451 549 1539 plantationis
564 1453 711 1517 amarissi-
808 1451 900 1519 Idam
915 1449 1012 1517 iiiut.
1027 1450 1076 1531 ΙΙ,
1092 1450 1143 1517 17.
1185 1452 1257 1515 »Vir
1280 1454 1358 1516 omni
1377 1454 1455 1517 vitae

125 1580 194 1627 mae
221 1558 260 1625 ad
283 1558 391 1627 Gallias
420 1581 526 1649 magna
554 1562 711 1625 comitante
764 1563 868 1627 merito
893 1560 1125 1648 praedicandus,
1155 1562 1179 1624 si
1204 1562 1231 1625 ei
1252 1560 1299 1625 vel
1322 1558 1455 1625 diadema

127 1668 253 1735 militum
291 1681 423 1746 caterva,
465 1670 588 1756 insuper
624 1670 711 1734 etiam
764 1690 825 1733 nou
851 1669 979 1756 legitime
1001 1670 1199 1734 tumultuante
1222 1669 1312 1734 milite
1334 1670 1455 1757 imposi-

126 1778 314 1865 imperatoris
350 1777 518 1865 insignibus
549 1797 626 1865 quae
657 1798 711 1841 uec
765 1788 827 1843 tum
851 1775 1008 1865 repudiare
1030 1777 1169 1842 licuisset.

126 1886 267 1952 decenter
285 1906 381 1975 usque
395 1886 488 1974 gessit
502 1906 556 1951 uec
571 1885 709 1973 legitime,
813 1881 958 1951 Orosius
970 1881 1063 1950 litet.
1080 1882 1156 1966 VII,
1170 1882 1225 1949 34.
1248 1882 1397 1951 Maximus
1411 1888 1456 1950 vir

126 1993 181 2061 sed
202 1996 264 2059 ritu
285 1994 441 2083 manniae
464 2006 495 2059 et
514 1992 711 2059 tumultuante
764 2007 901 2059 strenuus
919 2005 948 2058 et
962 1992 1078 2080 probus
1092 2006 1181 2081 atque
1193 1993 1332 2081 Augusto
1347 1991 1454 2083 dignus

129 2104 270 2170 milite-
285 2102 449 2168 Maximum
465 2102 552 2167 misit.
579 2101 638 2186 Qui
653 2101 710 2167 eal·
763 2103 820 2167 nisi
843 2114 947 2166 contra
969 2104 1145 2166 sacramenti
1167 2100 1256 2165 iidem
1277 2123 1332 2189 per
1352 2114 1455 2190 tyran·

130 2210 187 2277 lida
203 2214 332 2299 primum
351 2223 413 2276 arte
428 2214 530 2299 potius
546 2232 634 2299 quam
650 2213 711 2274 vir·
765 2208 860 2273 uidem
875 2211 1039 2274 emersisset
1053 2211 1084 2271 iu
1095 2208 1248 2274 Britannia
1260 2211 1372 2274 invitus
1384 2232 1454 2295 pro·

127 2332 189 2386 tute
217 2319 358 2385 finitimos
382 2340 517 2409 quosque
547 2341 642 2408 pagos
664 2319 710 2383 vel
763 2316 923 2405 pemodum
946 2316 984 2381 ab
1001 2319 1135 2383 exercitu
1150 2320 1313 2405 imperator
1327 2331 1453 2396 creatos,
1533 2347 1536 2353 ·

123 2428 297 2516 provincias
315 2440 418 2493 conus
433 2427 635 2493 Romanorum
650 2439 711 2493 sta·
764 2428 793 2491 in
805 2423 931 2489 ¹Galliam
946 2427 1078 2501 transiit,
1094 2423 1148 2490 ubi
1165 2424 1337 2491 Gratianum
1349 2425 1454 2514 Augu·

123 2550 189 2602 tum
212 2558 268 2624 per
281 2538 355 2601 retia
370 2537 493 2625 perjurii
509 2534 711 2625 mendaciique
763 2544 840 2598 stum
861 2532 962 2599 subita
979 2536 1149 2599 incursione
1162 2537 1350 2622 perterritum
1366 2548 1454 2623 atque

60 2638 69 2665 “
122 2648 177 2709 sui
200 2644 365 2712 facinoroso
388 2666 481 2733 reguo
505 2641 663 2709 adnectens
681 2655 711 2707 et
762 2640 874 2705 ltaliam
894 2645 1020 2706 transire
1034 2642 1222 2707 meditantem
1239 2641 1315 2707 dolis
1331 2645 1453 2708 eircum-

123 2774 218 2819 uuam
245 2752 356 2817 alarum
384 2751 422 2816 ad
445 2751 616 2838 Hispaniam
639 2749 710 2813 alte·
763 2759 883 2811 veutum
899 2749 1059 2826 interiecit,
1078 2748 1255 2837 fratremque
1270 2751 1334 2834 ejus
1346 2749 1454 2814 Valen-

123 2884 188 2927 ram
213 2859 251 2926 sd
274 2860 385 2924 ltaliam
406 2857 568 2925 extendens
584 2870 613 2922 et
627 2857 710 2923 thro-
764 2856 905 2919 tiniauum
931 2854 1102 2942 Augustum
1125 2854 1205 2921 ltalia
1229 2856 1352 2943 expulit.

127 2990 194 3034 oum
218 2969 395 3056 iniquissimi
410 2968 525 3054 imperii
541 2963 621 3052 apud
636 2964 710 3031 Tre·
807 2960 963 3048 Prosper
972 2962 1010 3028 ad
1020 2987 1046 3028 a.
1055 2961 1130 3031 384.
1148 2962 1307 3030 Gratianus
1315 2963 1453 3055 Lugduni

129 3098 212 3141 veros
248 3088 381 3141 statuens
417 3086 497 3140 tanta
532 3076 646 3139 insania
679 3076 708 3138 in
764 3086 867 3159 captus
891 3084 922 3138 et
943 3074 1059 3138 occisus
1083 3085 1136 3137 est.

124 3186 262 3251 domium
287 3182 484 3250 debacchatus
500 3194 559 3260 est,
583 3195 619 3246 ut
633 3180 709 3247 duos
807 3178 964 3266 Prosper
974 3178 1068 3267 Tyro
1082 3179 1120 3245 ad
1137 3203 1162 3246 a.
1176 3178 1251 3246 385.
1275 3180 1368 3269 Apud
1379 3183 1453 3249 Tre·

122 3298 319 3381 imperatores
334 3292 480 3380 legitimos
496 3312 588 3355 uuum
602 3289 708 3368 Roma,
762 3312 850 3357 veros
872 3289 1038 3355 Manichaei
1061 3288 1236 3376 deprehensi
1258 3312 1372 3356 summo
1387 3291 1452 3357 Ma·

122 3402 213 3466 alium
229 3400 450 3489 religiosissima
461 3402 523 3464 vita
539 3398 707 3485 expelleret.
762 3400 832 3463 ximi
858 3398 958 3463 studio
982 3399 1167 3463 exterminati
1190 3410 1270 3463 suut.

122 3509 188 3575 Nec
215 3528 298 3575 mora
326 3520 386 3571 tam
412 3506 560 3573 fertilibus
581 3506 708 3571 vallatus
808 3504 906 3591 Suip.
917 3502 996 3571 Sco.
1009 3498 1060 3585 (ei.
1072 3504 1177 3593 supra)
1192 3506 1352 3571 Martinam
1363 3507 1453 3575 refert

123 3614 257 3683 audaciis
292 3614 372 3702 apud
404 3614 570 3703 Aquilejaro
603 3614 708 3681 urbem
761 3615 884 3681 Maximi
906 3636 1023 3680 mensae
1044 3616 1216 3701 participem
1232 3615 1450 3694 essenoluisse,

122 3726 220 3813 capite
242 3722 364 3788 infando
386 3720 528 3799 caeditur,
553 3724 604 3811 qui
619 3722 707 3794 deeo-
761 3727 812 3812 qui
835 3723 912 3788 duos
935 3725 1129 3810 imperatores
1152 3744 1243 3789 unum
1266 3745 1358 3813 reguo
1379 3725 1450 3792 alte·

120 3846 188 3897 rata
211 3832 304 3897 totius
322 3831 405 3896 orbis
420 3834 515 3919 capita
531 3834 615 3918 regui
632 3854 707 3919 quo·
759 3850 825 3897 rum
847 3834 911 3895 vita
933 3830 1103 3918 expulisset.

122 3938 283 4005 dammodo
307 3938 473 4005 cervicibus
496 3939 672 4026 dejecerat«
804 3938 931 4025 Prosp.
945 3936 1010 4025 Aq.
1028 3937 1066 4002 ad
1087 3962 1114 4003 a.
1131 3938 1206 4007 388.
1236 3940 1386 4010 Maximus
1401 3956 1450 4033 ty·

759 4070 869 4115 rannus
893 4048 1131 4113 avalensiniano
1156 4062 1186 4115 et
1201 4048 1373 4118 Theodosio
1395 4056 1448 4119 im·

758 4155 949 4245 peratorihus
971 4159 1002 4219 in
1024 4160 1112 4245 tertio
1136 4155 1174 4223 ab
1189 4158 1328 4246 Aquileja
1350 4161 1447 4249 lapide

759 4265 904 4353 spoliatus
927 4264 1106 4331 indumentis
1119 4268 1209 4354 regiis
1224 4270 1340 4333 sistitur
1354 4282 1384 4335 et
1399 4292 1448 4338 ca·

757 4376 820 4461 pite
842 4372 1030 4439 damnatum«
1060 4368 1213 4455 (Similiter
1228 4374 1312 4466 Sulp.
1329 4376 1413 4463 Sev.)

213 4590 279 4656 linc
299 4610 395 4678 usque
417 4609 511 4677 pauca
534 4588 652 4679 quidem
675 4614 713 4658 ex
735 4592 798 4659 aliis
821 4593 1018 4658 monumentis
1041 4591 1169 4682 collegit.
1201 4589 1263 4659 Sed
1285 4616 1361 4686 quos
1375 4596 1444 4666 inde

124 4703 166 4766 sit
180 4710 317 4765 auctores
332 4710 468 4778 secutus,
485 4698 594 4766 frustra
611 4703 788 4791 quaeriteou.
818 4700 849 4768 ld
866 4704 958 4790 igitur
970 4703 1072 4792 potius
1086 4700 1245 4769 videndum
1260 4706 1329 4784 erit,
1346 4719 1445 4775 utrum

121 4814 155 4881 in
177 4808 289 4901 reliqua
312 4808 452 4875 historiae
473 4822 560 4901 parte
582 4813 748 4881 consentiat
770 4810 922 4883 rensibus
944 4834 982 4879 an
1004 4822 1151 4904 repugnet
1170 4811 1376 4903 scriptoribus.
