3642 5309
618 384 685 433 ose.
704 380 761 433 ru.
799 382 852 433 sn.
871 383 936 433 ars.
1388 358 1436 433 51

23 510 24 553 Ι
104 530 318 601 Hibernienses
332 530 441 603 Scotos
462 547 559 623 nsque
584 534 665 623 apud
680 534 877 603 Albonisnses
899 554 1031 625 umqum
1052 530 1139 621 piane
1162 531 1302 599 abolevit.
1337 534 1440 623 Itaque

103 654 135 709 ct
149 642 322 733 Tigernacb
344 664 384 709 ex
405 642 585 709 carminibus
609 646 699 732 spicis
722 645 815 711 muita
836 644 951 722 bausit,
975 655 1006 709 et
1020 640 1103 731 quod
1117 642 1212 730 pluris
1226 653 1287 721 est,
1310 645 1440 707 carmina

103 754 172 837 ipsa
201 750 368 817 Annalibus
396 753 535 829 inseruit,
566 750 635 819 dein
666 751 765 819 decem
796 752 856 819 iore
883 766 989 840 poetas
1017 762 1108 817 testes
1134 748 1285 827 laudarit,
1315 750 1441 817 aliorum

104 858 236 946 deniqne
259 858 375 927 obitum
396 860 505 925 retulit.
540 858 589 927 Ex
611 859 658 926 bis
681 882 777 927 unum
800 861 917 927 silentio
939 882 1001 926 nou
1015 860 1231 948 praeterierim,
1259 854 1440 942 Cerrfaclst·

104 964 202 1031 dium
229 987 348 1055 nempe,
379 968 463 1055 cujus
486 988 548 1033 non
569 968 667 1035 solum
692 968 731 1035 ab
755 991 782 1035 a.
799 965 987 1035 500-563
1010 969 1129 1055 saepius
1152 968 1280 1032 carmirra
1302 964 1438 1041 adduxit,

105 1073 158 1140 sed
182 1085 214 1139 et
235 1086 359 1139 mortem
382 1074 420 1140 ad
443 1098 469 1140 a.
486 1071 551 1140 679
575 1075 739 1142 adnotavit.
775 1075 816 1141 Et
831 1076 888 1142 hoc
905 1097 1025 1165 quoque
1041 1097 1081 1142 ex
1095 1073 1283 1164 Tigernacbo
1299 1073 1440 1160 cognosci

104 1181 189 1259 lieet,
216 1204 275 1270 qua
297 1194 392 1249 aetrte
407 1179 562 1250 floruerint
576 1196 694 1271 poetae.
731 1184 810 1251 Ante
827 1206 853 1251 a.
871 1182 937 1251 360
952 1195 1073 1273 poetam
1087 1181 1200 1249 nulium
1215 1179 1326 1247 laudat
1360 1178 1439 1245 Num

106 1290 183 1355 ullos
208 1292 344 1355 citaverit
365 1288 403 1357 ad
418 1289 576 1357 Manlium
598 1305 712 1379 partem
735 1314 761 1358 a.
780 1290 974 1370 360-480,
997 1312 1089 1381 quum
1112 1290 1189 1355 desit
1203 1287 1322 1364 folium,
1344 1289 1440 1354 nesci·

106 1418 180 1463 mus.
220 1394 280 1465 Sed
299 1399 361 1483 jam
383 1396 421 1465 ad
439 1418 470 1464 a.
486 1396 553 1465 490
577 1420 695 1467 carmen
718 1398 862 1478 adduxit,
887 1398 926 1466 ad
948 1422 996 1465 res
1011 1398 1051 1464 VI
1071 1398 1189 1464 saeculo
1212 1408 1311 1485 gestas
1333 1406 1438 1483 poetss

108 1526 166 1570 non
191 1526 321 1595 paucos,
353 1504 405 1571 sed
427 1506 571 1593 plurimos
595 1506 634 1573 ad
656 1508 709 1573 vu
731 1531 826 1588 saec,
857 1506 934 1575 duos
956 1518 1073 1573 mutum
1095 1505 1134 1571 ad
1156 1504 1220 1569 VIII
1242 1526 1319 1569 saec.
1342 1524 1439 1592 neque

109 1634 285 1702 quemquam
309 1636 426 1693 eorum,
451 1634 527 1703 quos
550 1628 637 1681 antea
659 1616 808 1695 landavit3
832 1614 869 1681 ab
894 1616 980 1682 annis
1003 1613 1129 1702 demque
1144 1608 1343 1679 973-1088
1363 1631 1438 1675 non-

109 1723 162 1786 nisi
176 1742 282 1787 unnm.
317 1718 407 1787 Hirro
421 1724 588 1810 seqnitur,
612 1722 676 1791 VII
689 1720 827 1793 soeculo
843 1731 878 1790 et
893 1720 1010 1791 octnos‘
1023 1720 1121 1789 initio
1132 1728 1257 1806 poetas
1270 1716 1436 1803 flendose,

110 1826 219 1896 Eodem
247 1840 342 1897 astate
372 1832 536 1919 scriptores
565 1852 686 1921 quoque
714 1834 845 1919 viguisse
873 1831 1022 1898 videntur.
1070 1828 1121 1895 Sic
1149 1831 1224 1893 enim
1254 1826 1295 1892 ad
1322 1850 1348 1896 a.
1371 1824 1437 1893 643

113 1940 252 2025 scriptum
279 1948 324 2003 est
353 1950 408 2003 »ut
430 1937 550 2027 quidam
574 1938 677 2007 dicunt
698 1940 962 2029 Historiograpbi«
992 1949 1022 2004 et
1044 1935 1082 2002 ad
1105 1959 1132 2003 a.
1148 1932 1215 2002 662
1243 1915 1299 1999 »dt
1320 1934 1371 1999 alii
1393 1932 1438 1999 di-

115 2058 211 2111 cunt.-
250 2044 385 2134 Denique
399 2045 440 2112 Vl
462 2060 492 2113 et
507 2046 559 2113 VII
581 2048 699 2115 soeculo
723 2048 917 2137 plurimorum
940 2047 1120 2135 scriptorum
1142 2056 1173 2111 et
1193 2054 1350 2132 poetarum
1372 2042 1439 2108 obi-

120 2164 157 2218 tus
177 2155 334 2219 memorati
356 2166 435 2221 sunt
469 2153 547 2221 Num
573 2154 676 2224 eodem
700 2168 832 2244 tempore
855 2176 949 2244 panea
974 2176 1051 2243 quae
1073 2152 1112 2221 ad
1133 2152 1287 2219 historiam
1302 2150 1437 2217 ecolesin-

119 2262 212 2327 sticam
240 2264 390 2350 perticent
416 2264 546 2329 carmina
573 2266 634 2331 slot
662 2266 841 2353 composita,
873 2283 1050 2352 quamquam
1072 2259 1312 2337 verisimilem,
1338 2270 1437 2327 tomen

114 2388 162 2455 pro
187 2381 269 2436 certo
293 2368 439 2437 affirmare
461 2394 521 2439 non
543 2394 714 2459 possumus.
745 2371 884 2441 Carmina
907 2383 1006 2439 autem
1028 2372 1120 2457 hujus
1141 2370 1273 2459 generis,
1298 2388 1376 2456 quas
1398 2366 1436 2435 ab

114 2498 138 2541 a.
153 2473 340 2543 403-605
362 2482 473 2566 passim
496 2494 671 2559 occurrunt,
696 2481 771 2549 haec
794 2493 878 2547 sunta

201 2584 247 2651 ud
265 2582 331 2651 193
360 2606 497 2655 carmen
526 2590 568 2655 da
589 2587 766 2655 Patricio:
802 2611 841 2655 »a
867 2602 940 2655 nato
964 2587 1084 2656 Christo
1108 2599 1262 2654 mansueto
1279 2578 1435 2673 jucundo!

113 2688 177 2758 400
198 2696 265 2761 anni
289 2715 354 2760 cum
378 2693 491 2763 dilectis
514 2692 558 2763 90
577 2690 583 2778 Ι
603 2693 624 2761 3
647 2718 741 2763 annos
763 2716 886 2765 numera
909 2708 982 2783 post
1002 2697 1077 2761 istos
1095 2689 1103 2777 Ι
1122 2694 1162 2761 ad
1184 2695 1298 2761 obitum
1315 2694 1436 2761 Patricii

24 2864 25 2875 ,
114 2803 197 2888 primi
220 2802 381 2891 apostolis
1123 2806 1137 2839 ⁸

24 2888 25 2905 Ι
197 2908 247 2977 od
266 2908 333 2977 513
360 2909 461 2977 obitus
482 2908 541 2979 Ere
563 2913 697 3001 episcopi
722 2910 888 2989 Slsnensis,
920 2932 1007 3001 quem
1028 2908 1176 2977 Patricius
1197 2908 1245 2977 his
1266 2908 1366 2977 verbis
1388 2932 1435 2978 ec·

113 3020 214 3085 ciuisse
243 3016 336 3084 Iertur
365 3017 553 3107 »Episcopus
575 3018 633 3087 Ere
652 3014 658 3105 Ι
679 3024 777 3087 omnia
807 3040 1001 3110 quaecunque
1027 3017 1112 3096 iecit,
1140 3030 1218 3085 reete
1245 3013 1434 3105 factasunt!

111 3128 245 3216 quisquis
272 3128 427 3195 consilium
455 3141 599 3196 secretum
629 3129 681 3197 dat
706 3142 821 3197 rectum
840 3124 846 3213 Ι
866 3128 1015 3198 obtinebit
1036 3126 1272 3195 benedictionem
1292 3126 1435 3216 Episcopi

111 3234 210 3303 litei.-

198 3341 249 3411 od
269 3340 344 3411 520.
386 3342 502 3411 »Natus
525 3358 571 3411 est
593 3344 717 3413 diIectus
734 3341 895 3412 Columba
914 3340 1069 3412 cuneos
1089 3338 1095 3429 Ι
1114 3342 1219 3421 bodie,
1243 3342 1435 3431 praepositus

111 3472 200 3541 supra
221 3451 393 3519 Hibernia!
415 3451 531 3519 doctam
551 3448 557 3536 Ι
577 3452 678 3520 cadem
701 3453 876 3533 iestiritrte‚
905 3476 967 3519 non
989 3456 1093 3541 ignota
1116 3451 1211 3519 reIero
1232 3446 1238 3532 Ι
1257 3472 1338 3517 mors
1360 3452 1435 3518 aime

112 3559 295 3649 triumphans
322 3559 375 3627 biii
402 3557 532 3650 Bionagi
552 3557 559 3644 Ι
577 3561 725 3628 Reoadius
753 3562 854 3651 Episc.
881 3556 1132 3627 Aroamoeosts
1160 3562 1274 3650 quievit
1291 3557 1298 3645 Ι
1317 3558 1435 3627 Alildus

112 3669 214 3737 Abbas
235 3664 497 3735 Ardmaclsanrss
520 3668 691 3737 dormitis«
733 3671 783 3737 ud
803 3666 878 3735 534.
902 3668 995 3753 Quies
1016 3664 1148 3735 Mucia.
1179 3668 1311 3735 »Dentes
1323 3668 1436 3734 Moetei

111 3798 170 3843 non
199 3775 380 3843 adulantium
408 3775 485 3843 Iama
512 3776 585 3845 haec
604 3774 610 3860 Ι
630 3776 697 3844 300
718 3799 863 3845 annorum
887 3788 980 3843 erant.
1016 3776 1188 3843 diuturnum
1210 3768 1433 3860 ministerium!

111 3906 163 3953 nec
185 3906 289 3951 rocem
316 3897 418 3951 contra
446 3884 544 3952 bonos
569 3908 667 3952 mores
690 3889 850 3953 emiserunt
871 3897 957 3951 extra
977 3878 983 3966 Ι
1002 3907 1056 3951 nec
1078 3884 1240 3974 quidquam
1263 3887 1360 3952 cernis
1382 3882 1435 3951 ad·

111 3996 214 4061 misere
235 3995 313 4059 iutra
332 3987 338 4078 Ι
357 4014 411 4061 nec
433 4006 561 4084 angusta
574 3992 632 4059 suit
647 3993 755 4061 Iamdiu
772 3993 880 4061 Moetei
900 3987 907 4077 Ι
927 3990 994 4061 300
1008 3994 1190 4083 presbyteri,
1217 3991 1280 4061 100
1294 3990 1436 4079 Episcopi

112 4102 334 4169 commonebant
354 4124 421 4169 cum
444 4124 479 4169 eo
499 4098 505 4185 Ι
524 4098 569 4168 60
585 4104 716 4169 seniores
740 4114 878 4169 cantores
899 4101 1082 4189 psalmorum
1100 4102 1255 4170 Choristae
1271 4102 1334 4187 ejus
1354 4095 1360 4184 Ι
1379 4100 1436 4167 Fa·

111 4212 189 4277 milia
209 4213 289 4299 regis
310 4207 397 4277 vaide
419 4210 541 4277 illustris
561 4205 567 4294 Ι
587 4232 662 4300 quae
685 4233 738 4277 nec
760 4211 865 4278 arebat
887 4232 942 4276 nec
955 4210 1087 4277 metebat
1109 4233 1162 4278 nec
1177 4208 1360 4288 triturabat!
1381 4232 1436 4279 nec

112 4318 191 4387 alind
212 4318 352 4397 bcicbat,
376 4340 465 4408 quam
482 4318 659 4385 lectionibus
676 4319 880 4386 incumbere«
922 4320 971 4387 ad
983 4317 1059 4385 5119.
1087 4315 1257 4386 Coranos
1272 4318 1351 4384 iiiios
1365 4321 1436 4383 arti·

112 4426 172 4494 ficis
196 4426 271 4495 oint
293 4426 312 4491 7
341 4439 411 4515 post
436 4429 646 4495 monasterium
669 4424 989 4495 &summae-ressais
1013 4423 1116 4511 (hodie
1139 4423 1261 4510 Cioncs)
1284 4424 1436 4492 conditum

113 4538 210 4614 annis,
233 4538 349 4623 etipse
369 4532 446 4601 dixit
474 4534 625 4603 »Darerca
647 4550 741 4603 mater
763 4559 828 4603 mes
850 4536 908 4601 suit
926 4531 933 4618 Ι
951 4556 1012 4603 non
1034 4534 1161 4601 foemina
1177 4558 1252 4601 rana
1276 4545 1437 4622 quaesunt

113 4664 220 4729 pravae
247 4643 382 4711 mulieres
401 4638 408 4726 Ι
427 4642 516 4709 Liber
544 4643 633 4711 homo
658 4658 721 4711 erat
742 4658 828 4732 pater
847 4640 852 4725 Ι
874 4655 967 4710 mater
988 4665 1005 4709 a
1028 4646 1205 4732 propinquis
1229 4642 1300 4709 Aiiii
1321 4642 1431 4709 Molis

114 4755 160 4820 ad
179 4748 244 4821 559
273 4748 497 4821 Branodunum
524 4752 675 4819 ecclesiam
705 4750 931 4838 Gluoocfertae
954 4746 1062 4834 (bodie
1090 4747 1243 4835 Cloniert)
1269 4750 1437 4817 condidisse

116 4872 143 4927 et
162 4860 288 4949 posthac
310 4864 340 4927 in
364 4884 452 4929 curru
475 4882 531 4929 sno
560 4862 591 4927 in
614 4862 727 4930 coelum
751 4860 918 4931 ascendisse
941 4883 980 4927 ex
1002 4862 1126 4948 antiquo
1150 4862 1280 4926 carmine
1301 4858 1436 4925 refertur.

1171 4962 1210 5018 40
