3642 5309
642 383 707 437 car.
725 384 746 433 1.
783 382 903 431 cunas.
1359 392 1362 396 ·
1407 354 1432 428 5

109 533 256 625 Capitulis
277 530 421 601 ll-Vlll
449 536 558 601 omisso
580 530 690 603 Vllmo.
739 533 828 621 Quod
855 533 1016 599 dormitans
1044 530 1197 611 librarius,
1228 534 1279 621 qni
1306 528 1432 599 forsitan

111 666 149 716 ex
171 646 262 711 variis
285 666 319 711 ea
342 642 496 711 codicibus
518 646 718 733 transcripsit,
742 665 804 710 non
826 642 909 708 vidit.

202 750 367 840 Capitale
389 775 508 845 quoque
531 774 606 844 quae
630 754 799 819 contineant
820 750 961 819 nonnulla
985 772 1023 816 ex
1045 748 1127 816 Beda
1149 762 1262 830 sumta,
1292 747 1431 816 librarius

107 860 231 953 quidam
254 860 370 950 adjecit.

197 968 457 1055 Praefatioreem
479 990 551 1036 vero
579 990 665 1036 nemo
693 991 711 1035 a
734 966 821 1036 Gilda
848 965 940 1035 luisse
967 970 1107 1057 scriptam
1136 979 1234 1056 negat.
1281 964 1433 1033 Simillima

105 1091 153 1144 est
181 1080 258 1144 enim
279 1078 428 1145 Historiae
454 1078 523 1143 stilo
552 1100 585 1143 ac
614 1100 757 1143 sermone.
803 1076 846 1142 At
874 1078 938 1165 ejus
966 1077 1118 1143 conclusio
1141 1077 1338 1162 suspicionem
1360 1076 1433 1141 mibi

106 1199 220 1252 movet
254 1184 333 1252 Sunt
355 1189 431 1252 enim
446 1184 546 1251 XXVI
562 1186 691 1275 capitula
707 1184 808 1251 addita
823 1198 890 1251 ante
906 1184 992 1249 dictis
1008 1184 1101 1250 multo
1118 1185 1312 1250 accuratiora.
1349 1183 1433 1268 Quae

104 1296 133 1361 si
156 1296 294 1383 primitus
317 1295 513 1369 exstitissent,
542 1293 681 1360 librarius
702 1316 763 1361 non
786 1314 857 1359 sane
879 1292 937 1357 alia
959 1293 1015 1357 ista
1037 1295 1134 1357 minus
1156 1304 1226 1378 apte
1247 1290 1431 1359 coniecisset.

196 1402 308 1470 Eadem
329 1402 386 1470 sub
410 1403 497 1469 finem
520 1399 669 1468 codicisF
691 1404 816 1490 repetita
838 1414 918 1467 sunt.
952 1401 995 1466 At
1015 1398 1153 1465 librarius
1168 1398 1214 1463 his
1229 1398 1328 1465 verbis
1343 1400 1432 1467 aliurn

105 1534 138 1578 sc
163 1510 281 1579 Gildam
302 1512 474 1599 promisisse
495 1510 604 1577 librum
625 1514 804 1601 scripturum
827 1523 910 1576 ratus
934 1506 1062 1573 addidit:
1095 1506 1198 1572 »Fecit
1219 1530 1346 1596 namque
1368 1510 1432 1596 ipse

105 1620 196 1689 Gilda
218 1620 326 1688 librum
348 1642 487 1709 magnum
510 1618 546 1685 de
568 1618 689 1709 regibus
712 1616 866 1685 Britonum
890 1630 920 1683 et
943 1615 979 1681 de
1000 1615 1121 1705 proeliis
1145 1637 1263 1693 eorum,
1287 1615 1340 1681 sed
1363 1620 1433 1705 quia

106 1732 291 1819 vituperavit
318 1750 369 1795 eos
398 1725 522 1795 multum
550 1729 580 1794 in
608 1749 643 1794 eo
672 1726 765 1807 libro,
796 1725 989 1794 incenderunt
1016 1727 1073 1815 ipsi
1101 1722 1209 1790 librum
1232 1724 1346 1792 illum«
1381 1719 1433 1806 (cl.

106 1858 199 1927 supra
224 1834 335 1903 Girald.
360 1835 396 1903 de
418 1832 534 1920 lllaud.)

197 1944 278 2011 Haec
301 1966 391 2035 quum
414 1942 452 2009 ab
475 1944 538 2010 aliis
561 1946 620 2011 sint
643 1945 765 2025 omissa,
789 1964 850 2008 non
872 1939 1132 2032 praetermittenda
1154 1941 1330 2007 existimavi.

196 2051 241 2120 De
268 2050 337 2119 libri
366 2048 509 2119 consilio
537 2075 572 2119 ac
595 2050 750 2139 sontibus
779 2054 876 2140 ipsum
900 2052 1053 2118 audiamus
1077 2062 1241 2129 auctorem,
1271 2052 1322 2139 qui
1345 2046 1377 2137 (5
1399 2049 1430 2116 l.

112 2159 186 2251 Cap.
207 2158 242 2247 ll)
271 2164 446 2249 praemisso,
477 2182 509 2227 sa
534 2182 629 2251 neque
651 2163 767 2250 priscos
789 2182 1019 2249 communesque
1042 2181 1109 2225 cum
1132 2157 1270 2224 omnibus
1292 2159 1432 2248 gentibus

111 2292 224 2337 errores
247 2291 343 2361 neque
365 2281 500 2335 vetustos
515 2270 589 2336 velle
612 2282 808 2361 maranorum
830 2290 924 2335 annos
947 2289 1133 2345 enumerare,
1156 2269 1198 2333 ita
1220 2270 1331 2355 pergit:
1363 2266 1433 2333 »illa

107 2390 204 2444 tamen
231 2377 365 2467 prolerre
393 2376 527 2444 conabor
555 2379 586 2444 in
612 2376 754 2457 medium,
785 2399 861 2466 quae
882 2375 1067 2465 temporibus
1090 2379 1299 2464 imperatorum
1321 2374 1432 2440 Rorna-

105 2506 215 2551 norum
238 2497 268 2552 et
289 2507 375 2574 passa
399 2498 444 2553 est
465 2499 495 2553 et
515 2486 577 2553 aliis
593 2487 694 2554 intulit
709 2486 823 2553 civibus
838 2486 928 2576 longe
942 2487 1048 2574 positis
1064 2484 1153 2551 mala:
1178 2496 1319 2573 quantum
1334 2497 1432 2551 tamen

102 2607 235 2684 potuero
257 2616 318 2660 non
341 2607 401 2660 tam
425 2616 464 2661 ex
485 2598 639 2683 scripturis
661 2597 774 2685 patriae
795 2596 1012 2683 scriptorumve
1035 2595 1231 2659 monumentis
1257 2632 1293 2645 -
1320 2594 1432 2681 quippe

104 2724 188 2791 quae
210 2702 254 2767 vel
275 2704 301 2767 si
324 2723 383 2791 qua
406 2700 530 2779 suerint,
554 2714 606 2768 ant
627 2703 747 2791 ignibus
770 2703 900 2768 hostium
923 2714 1030 2767 exusta
1052 2715 1105 2767 aut
1120 2704 1228 2767 civium
1244 2699 1323 2765 exilii
1340 2700 1432 2766 classe

105 2810 228 2899 longius
250 2809 404 2899 deportata
426 2830 488 2874 non
510 2820 701 2896 compareant
715 2840 757 2855 -
775 2829 864 2898 quam
885 2810 1080 2875 transmarina
1094 2808 1253 2885 relatione,
1278 2828 1353 2895 quae
1369 2828 1431 2873 crc-

104 2916 169 2983 bris
192 2920 307 3007 irrupta
329 2914 599 3005 intercapedinibus
621 2938 682 2983 non
704 2920 776 2983 satis
799 2916 923 2983 cloec«

202 3024 398 3093 renouare
419 3024 527 3114 ipitar
545 3020 671 3092 Gildae
693 3021 791 3093 libris
813 3032 1026 3093 moneamus
1045 3044 1153 3113 neque
1175 3042 1255 3111 spes
1276 3032 1347 3105 est,
1370 3045 1432 3091 urc-

108 3153 210 3221 quam
231 3134 270 3201 iar
283 3128 472 3202 Britannia
494 3134 663 3202 iacentum
684 3133 750 3216 in’,
773 3155 881 3224 raeque
901 3154 1045 3223 usquam
1067 3144 1237 3202 terrarum
1252 3131 1365 3200 addae
1378 3153 1431 3200 re·

100 3252 209 3331 perra
231 3251 320 3310 suat.

196 3351 345 3418 Historiae
367 3351 521 3417 consilium
545 3363 633 3441 atque
656 3348 789 3417 ordinem
812 3373 872 3441 quo
895 3349 1011 3418 facilius
1032 3354 1243 3441 perspiciamus
1259 3348 1430 3441 dispositio·

101 3483 176 3529 nem
198 3459 282 3538 libri,
308 3472 337 3526 et
358 3459 455 3526 fontes
478 3482 512 3526 ac
534 3472 702 3548 temporum
724 3462 868 3525 rationem
890 3460 1021 3526 breuiter
1044 3460 1233 3547 explicemus.

259 3735 414 3791 Historia.
591 3682 677 3861 sggv‘
779 3680 863 3862 6οᾞ
1037 3736 1167 3792 Fontes.
1281 3647 1430 3835 (QZ-

1323 3860 1387 3904 Ν)

159 3988 288 4045 Praefatio
303 4026 547 4045 ..........
602 3986 627 4044 1.
644 3986 671 4045 2.

99 4081 130 4139 1.
159 4079 303 4151 Descriptio
339 4078 482 4135 Britanniae
514 4105 547 4119 -

159 4168 548 4224 Britonumindoles-ducto·

160 4260 197 4314 ris
216 4258 350 4313 consilium
356 4294 548 4314 ........
620 4297 627 4313 .
796 4296 802 4309 .
849 4296 855 4311 .
964 4256 1098 4331 Cosmogr.
1115 4256 1235 4314 dctbicii

97 4350 132 4408 2.
161 4349 268 4403 Romani
295 4344 405 4402 insulam
434 4348 548 4420 aggressi

160 4436 300 4507 subjiciunt
306 4473 548 4491 ..........
597 4433 675 4493 5-7.
764 4434 872 4491 tlt-v.
962 4435 1075 4494 Florus?
1097 4436 1225 4495 Orosius?

99 4528 133 4587 3.
159 4528 280 4584 Britones
305 4525 403 4581 'l'iberii
428 4524 549 4597 tempori-

161 4618 210 4672 bus
228 4616 344 4671 eonversi
358 4652 548 4671 ........
646 4654 653 4670 .
797 4617 843 4673 Vl.
962 4618 1056 4673 lluseb.

161 4706 308 4763 Persecutio
326 4702 496 4761 Diocletiana.
514 4742 548 4759 ..
592 4702 688 4761 9-11.
741 4704 802 4763 Vll.
820 4705 893 4764 Vlll.
962 4708 1057 4765 lluscb.

161 4794 240 4851 Fides
268 4811 351 4867 usquc
380 4794 413 4851 sd
441 4796 548 4851 Arianae

161 4885 297 4947 haerescos
316 4892 399 4943 ortum
417 4892 516 4943 serrata
541 4921 548 4939 .
655 4924 662 4941 .
