3642 5309
631 352 698 407 cnr.
716 350 750 404 v.
786 350 968 405 00000000.
1404 329 1454 405 dd

130 522 197 577 tom
224 507 324 597 plures
352 507 410 577 viri
438 502 599 573 doctissimi
627 514 782 575 uenerunt.
827 504 1456 586 1010000151100000000010000100,

138 629 198 683 »ut
220 638 287 685 cnm
307 618 339 681 io
362 625 474 702 septem
495 614 650 703 portiones
672 626 750 681 esset
773 634 839 680 000
860 615 1026 705 propositis
1049 614 1107 681 sibi
1128 614 1297 685 rectoribus
1311 628 1458 711 monoste-

129 727 212 791 rium
235 723 379 801 divisum,
408 722 615 789 0011010000
637 724 737 810 portio
759 724 856 787 minus
881 743 971 812 qnam
993 719 1059 788 300
1081 722 1215 790 homines
1237 723 1376 802 heberet,
1407 726 1459 814 qui

131 853 238 899 omnes
261 830 298 897 de
319 831 422 899 labore
443 850 583 899 manuum
605 852 726 899 suorum
748 832 849 897 vivere
872 828 1040 897 solome«
1070 825 1160 912 (conl.
1184 829 1332 919 Vooghan
1354 831 1457 899 Tried.

132 939 188 1005 nbi
220 960 258 1005 ex
285 937 548 1006 2400000010
576 940 690 1005 centeni
720 960 839 1028 qunque
866 936 942 1005 hora
963 960 1065 1005 orasse
1093 951 1124 1007 et
1145 952 1279 1007 000000
1299 937 1459 1023 feruntur.)

132 1045 197 1115 Sed
215 1047 278 1133 jum
300 1069 327 1113 0.
344 1042 409 1115 013
432 1068 534 1135 pugno
557 1047 594 1114 010
610 1044 784 1113 Aedellrido
806 1044 884 1113 iccte
907 1043 994 1113 1200
1008 1045 1146 1114 monendi
1168 1050 1258 1115 occisi
1279 1061 1360 1115 sunt.
1391 1048 1460 1115 Mo-

131 1156 257 1221 nosterii
282 1156 387 1223 rniuce
410 1151 557 1221 Guilielmi
579 1153 757 1223 Mcimeshir.
781 1154 966 1244 temporibus
994 1168 1170 1243 supererant
1195 1150 1304 1237 (Gesta
1324 1157 1352 1235 1,
1375 1156 1395 1244 §
1415 1155 1458 1223 lt

134 1260 181 1330 ed.
204 1256 396 1343 Stevensou).

225 1370 258 1437 2.
292 1366 472 1439 Menenios
495 1390 616 1459 quoquo
638 1370 816 1439 coenobium
838 1370 896 1440 init
918 1369 1228 1441 00010100000100.
1252 1370 1292 1440 sd
1313 1394 1340 1439 0.
1356 1368 1431 1439 045.

227 1476 257 1545 3.
294 1474 449 1543 Llaoroit
470 1474 527 1543 001
547 1472 641 1546 blare
661 1476 749 1547 ntes
769 1479 811 1545 IV
832 1479 950 1546 soeculo
972 1479 1011 1545 eb
1033 1480 1133 1561 litnto,

224 1583 257 1651 l.
292 1580 517 1655 demessae
541 1584 597 1653 nel
617 1584 767 1657 dorcam
787 1583 892 1655 uallis
916 1610 934 1653 c
957 1584 1079 1655 Codoeo
1101 1610 1145 1656 00.
1169 1587 1245 1667 500,

225 1690 257 1762 5.
293 1690 454 1761 Dostoneoi
482 1694 585 1761 eodem
613 1693 674 1762 lere
701 1708 834 1783 tempore
864 1716 928 1761 esse
957 1694 1079 1762 condita
1105 1710 1259 1786 putentur.
1296 1695 1376 1765 11000
1403 1699 1462 1763 tria

137 1813 238 1869 eutem
258 1804 439 1871 monisterio
460 1805 491 1869 in
512 1802 590 1869 libro
612 1801 800 1872 Lendevensi
822 1814 1033 1872 memorantur.
1079 1803 1213 1896 Synodis
1237 1806 1314 1873 eninr
1335 1808 1400 1873 istis
1423 1806 1461 1873 eo

138 1909 282 1981 Oudoreo
310 1910 422 1979 habitis
449 1909 574 1979 abbates
601 1911 709 1981 horum
734 1914 982 1979 monasteriorum
1003 1911 1171 1981 interfuisse
1192 1912 1337 1983 feruntur.
1381 1913 1463 1982 Nihil

139 2020 231 2107 igitur
252 2022 340 2097 certi,
365 2041 456 2109 quum
478 2020 529 2085 0111
549 2018 647 2087 sontes
670 2020 783 2099 desint,
807 2018 847 2087 ud
867 2040 924 2085 nos
946 2022 1091 2107 pervenit.

227 2126 286 2195 Eo:
308 2128 454 2217 quinctio
475 2128 584 2216 igitur
604 2127 821 2197 monastertio
838 2126 1061 2215 Bonporerese
1082 2130 1176 2216 quod
1196 2130 1464 2217 0011001010οω
1599 2205 1602 2212 ,

144 2256 272 2325 serpet·
293 2235 444 2305 luditum
466 2246 518 2305 eet
537 2235 654 2323 floruit
678 2232 730 2301 VI
748 2233 905 2318 soeculo,
932 2232 1138 2305 Merceoenee
1164 2235 1231 2305 Vll
1249 2237 1464 2309 ementitae

142 2346 195 2411 tio.
237 2341 388 2433 Reliqua
417 2344 556 2433 quoodo
581 2344 1066 2433 [000010000000000000
1088 2343 1184 2415 latet.
1222 2344 1330 2415 Sedes
1352 2357 1465 2417 autem

142 2450 353 2540 episcopales
379 2451 428 2520 Vl
439 2450 574 2525 soeculo
589 2451 807 2537 Iamdooiae,
829 2450 1027 2534 Mesteoioe,
1049 2451 1221 2543 Bonpori,
1243 2454 1295 2524 Se
1311 2452 1466 2543 Arsopli

27 2646 28 2649 Ἴ
146 2562 348 2629 0000000000
365 2561 517 2648 suerunt.
552 2562 644 2629 Medii
667 2585 737 2629 vero
761 2564 827 2630 aevi
849 2565 1009 2651 scriptores
1031 2564 1113 2631 00110
1132 2567 1249 2633 ratione
1270 2564 1359 2633 ultius
1372 2566 1464 2635 coelo·

27 2652 29 2683 1
144 2671 250 2737 simum
280 2672 423 2759 originem
445 2682 598 2758 repetunt,
628 2690 735 2757 easque
763 2692 780 2733 0
804 2668 950 2735 Germano
973 2669 1021 2733 vel
1044 2669 1197 2756 discipulis
1220 2672 1284 2758 ejus
1307 2694 1371 2741 csse
1393 2696 1465 2739 con-

145 2776 218 2846 ditos
239 2778 367 2868 fingunt.
404 2780 459 2845 His
481 2790 579 2844 eutem
601 2775 788 2852 fictionibus,
813 2773 922 2864 quibus
944 2774 991 2841 vel
1013 2772 1104 2840 hodie
1124 2774 1198 2841 lidos
1217 2777 1359 2857 hebetur,
1383 2792 1464 2846 tene·

142 2885 213 2955 100οο
242 2886 391 2955 obductos
417 2898 487 2953 sumt
507 2884 598 2953 rebus
621 2882 797 2951 clarissimis.
843 2883 904 2950 dlii
927 2882 974 2949 vel
996 2904 1014 2948 0
1036 2880 1129 2949 Lucio
1151 2904 1222 2972 rege
1244 2878 1335 2967 (coni.
1359 2886 1463 2975 supro)

29 3018 30 3025 ¹
143 2992 164 3059 11
186 2994 306 3062 soeculo
330 2994 467 3061 00010100
490 3006 519 3059 et
540 2995 718 3059 monasteria
739 2991 789 3057 1110
812 3014 876 3059 csse
899 2994 1060 3059 constitute
1082 2990 1270 3058 stolidissime
1293 2993 1425 3061 uadunt

29 3152 31 3193 ,
232 3103 370 3189 Quotuor
397 3123 470 3169 vero
499 3100 590 3169 urbes
618 3103 694 3169 istoc
722 3102 809 3167 etiem
832 3099 946 3169 Gimldi
967 3098 1152 3189 temporibus
1172 3099 1259 3169 sedes
1281 3104 1463 3191 episcopales

29 3278 30 3293 ,
144 3210 273 3279 1000000
318 3211 617 3300 Archiepisoopctnm
644 3208 781 3277 Menevia
814 3220 886 3279 tnnc
919 3208 1026 3277 hebuit
1061 3203 1142 3290 (Gir.
1163 3208 1229 3275 ltin.
1251 3209 1281 3288 1,
1303 3208 1342 3289 43
1369 3213 1408 3290 11,
1434 3211 1463 3279 1.

144 3318 244 3387 00000.
261 3315 324 3402 IV).
358 3317 456 3403 0000
481 3338 551 3385 vero
574 3330 604 3383 et
625 3314 777 3383 Laudavia
800 3329 889 3405 atque
906 3315 1070 3405 Legionem
1092 3313 1165 3383 urbs
1186 3317 1268 3383 hune
1289 3317 1349 3387 sibi
1370 3340 1466 3409 qnon-

145 3426 212 3495 dam
225 3426 443 3496 vindicaverint
464 3426 625 3503 honorem,
649 3422 852 3491 difficillimum
874 3436 921 3491 est
941 3421 1025 3491 dictu
1044 3436 1146 3491 utrum
1167 3446 1257 3512 penes
1278 3448 1369 3493 unum
1390 3450 1466 3495 sem·

145 3558 196 3623 per
219 3558 259 3603 00
279 3556 371 3625 penes
392 3537 491 3602 000100
512 3535 603 3601 variis
624 3530 810 3619 temporibus
833 3530 931 3599 luerit.
976 3530 1059 3599 Bedc
1088 3530 1214 3621 deniquo
1240 3555 1333 3622 quum
1353 3549 1467 3627 septem

145 3643 306 3736 Augustini
335 3656 468 3733 tempore
498 3638 541 3726 (0.
562 3635 647 3723 000)
675 3638 765 3706 luisse
793 3642 983 3728 episcopatus
1011 3638 1133 3719 reseret,
1162 3644 1262 3708 nescio
1288 3664 1326 3709 on
1349 3644 1466 3711 hoedo

146 3756 226 3821 omni
248 3776 298 3831 00,
325 3773 402 3841 quoe
424 3775 443 3819 0
465 3748 637 3819 Senonibus
659 3745 792 3815 nondum
815 3746 940 3815 subacta
962 3746 1034 3825 luit,
1056 3746 1227 3815 Britannice
1247 3762 1333 3838 parte
1355 3749 1466 3817 dietum

146 3864 193 3927 sit
231 3861 425 3951 Reliquorum
454 3860 642 3927 ecelesiarum
669 3856 809 3923 memorio
838 3856 926 3944 plene
954 3855 1015 3923 iere
1042 3858 1177 3935 evannit,
1206 3856 1260 3925 sed
1281 3858 1467 3927 100000οι1

149 3984 191 4035 est
218 3971 374 4048 momenti,
406 3966 488 4057 quod
510 3966 588 4035 Urbs
616 3966 796 4055 Legionum,
820 3963 1036 4042 Verolominm,
1064 3962 1258 4044 Londinium,
1286 3965 1465 4047 Eboracum,

148 4074 323 4157 Coleestriu,
346 4076 571 4155 Durovernum,
595 4072 1342 4162 00100000001000110000000010000001000.
1378 4073 1467 4158 Quod

147 4206 207 4253 non
229 4208 302 4253 cusu
324 4207 358 4253 00
381 4186 506 4253 fortuito
529 4206 593 4253 esse
615 4182 724 4250 100000
748 4184 901 4261 existimo,
931 4181 984 4250 sod
1005 4182 1065 4249 hoc
1085 4180 1156 4247 iude
1176 4182 1301 4272 colligo,
1330 4180 1466 4270 sclipie-

149 4314 221 4361 000
246 4292 478 4363 corenam
498 4315 566 4361 oon
587 4313 611 4359 0
636 4286 749 4361 Gallis
767 4289 880 4376 primo
902 4290 1076 4359 10000000
1096 4308 1188 4369 esre,
1216 4290 1279 4358 sed
1300 4288 1467 4380 iepiomcm

151 4398 378 4472 1100000000
399 4402 525 4469 itireeru
546 4399 801 4485 commerciique
822 4399 900 4467 vias
922 4406 1081 4467 secutum.

234 4512 316 4580 Hoeo
337 4512 375 4579 de
396 4510 534 4579 ecelesiis.
568 4510 636 4576 Alio
659 4508 748 4594 hujus
771 4510 887 4595 3000010
902 4520 1092 4576 monuments
1104 4506 1187 4575 00110
1201 4520 1335 4587 exstent,
1356 4528 1467 4596 noque

152 4614 425 4709 Marspretopta,
447 4636 553 4706 neque
568 4614 779 4685 Coleodario
800 4637 854 4681 nec
877 4616 1039 4706 quidquem
1061 4616 1145 4706 quod
1166 4615 1215 4682 od
1235 4617 1325 4685 rice
1347 4636 1467 4687 000000

153 4741 270 4815 spectet
309 4724 428 4815 Neque
450 4726 494 4794 dc
515 4722 667 4795 0000011110
690 4721 903 4791 Britannicis
925 4724 1012 4793 eerli
1033 4726 1215 4813 quidpiam
1236 4726 1286 4793 od
1303 4746 1365 4795 teos
1385 4748 1465 4814 per·
1594 4742 1596 4747 ·

154 4837 250 4907 coes.
294 4835 377 4907 Beda
405 4834 522 4927 quidem
550 4833 612 4903 duo
640 4833 730 4903 refert
756 4856 774 4901 0
797 4832 944 4903 0000000
972 4846 1003 4901 et
1022 4834 1195 4927 Augustino
1221 4832 1335 4903 hodite.
1381 4832 1468 4903 Tria
