3642 5309
313 320 360 401 12
841 344 906 397 cer.
926 345 946 396 r.
983 344 1106 395 suone.

309 496 556 567 invalescentibus
579 496 720 565 doctrinis
744 518 826 565 sacro
849 499 965 565 misceri
987 510 1018 565 et
1039 498 1149 588 negligi
1171 508 1278 587 coepta
1300 510 1407 565 esseut.
1450 494 1546 565 Semel
1568 512 1634 566 tan·

308 620 371 673 tum
393 628 453 671 non
475 628 624 672 armorum
639 608 669 672 vi
692 606 744 672 sed
763 629 884 696 precum
898 607 1027 674 victores
1043 609 1229 675 exstiterunt.
1265 603 1326 673 Sed
1340 628 1413 672 mox
1428 628 1520 696 quum
1535 605 1633 673 Saxo-

309 737 361 785 nes
389 727 505 805 gentem
534 715 672 804 subigere
699 717 882 803 coepissent,
911 736 1064 781 sacrorum
1094 728 1124 782 et
1148 736 1265 782 morum
1288 726 1445 780 consecute
1469 726 1516 781 est
1534 717 1631 782 mina.

309 823 455 890 Ecclesiae
475 824 540 889 solo
556 836 731 912 sequamur,
754 823 971 891 interficiuntur
986 822 1168 903 sacerdotes,
1193 823 1243 888 alii
1257 834 1339 889 unns
1353 844 1449 900 mare,
1471 824 1504 888 in
1517 836 1633 891 montes

309 933 358 997 alii
380 933 565 1023 confugiunt.
607 930 740 997 Tandem
761 933 888 998 victoria
911 932 949 999 ad
971 932 1154 999 Bsdonicutn
1176 943 1304 997 montem
1326 925 1367 1013 (a.
1383 926 1462 1014 516)
1484 945 1571 1019 parta
1593 931 1632 998 ad

309 1043 462 1130 pristinem
484 1062 599 1105 morum
622 1039 836 1127 simplicitatem
859 1052 888 1105 et
909 1038 948 1105 ad
962 1040 1018 1105 Dei
1040 1044 1175 1107 timorem
1197 1060 1261 1106 sese
1283 1051 1434 1105 revocant
1468 1038 1534 1107 iam
1555 1042 1632 1107 revi-

309 1152 420 1215 viscere
443 1161 606 1237 coeperunt
626 1169 726 1227 sacra,
750 1148 865 1226 literae,
888 1148 1066 1236 respublica.

398 1258 440 1323 At
461 1258 536 1322 hene
559 1256 643 1323 brevi
667 1268 824 1323 consecuta
840 1269 885 1324 est
900 1255 1002 1326 Gildoe
1025 1270 1120 1338 oetas,
1144 1258 1229 1345 cujus
1243 1260 1275 1323 in
1288 1255 1424 1347 Epistola
1438 1257 1630 1336 verissimam,

308 1380 342 1432 ut
363 1368 481 1455 opinor,
505 1368 652 1456 expressit
673 1366 838 1455 imaginem.

287 1528 292 1537 .
394 1472 473 1540 Jam
488 1473 521 1541 si
534 1475 740 1561 quaerimus,
757 1476 842 1562 quid
858 1472 983 1542 Gildoe
993 1472 1154 1543 Historia
1168 1476 1218 1543 ad
1223 1472 1501 1561 perspiciendam
1510 1471 1630 1541 Eccle-

308 1582 382 1649 siae
397 1582 572 1671 ocipe'oem,
593 1602 825 1670 propressum,
841 1594 967 1652 statum
982 1584 1191 1672 suppeditet,
1214 1582 1345 1651 omusis
1360 1602 1449 1671 pudo
1462 1602 1508 1649 ee
1520 1580 1629 1650 Euse-
1700 1576 1708 1585 ”

307 1690 355 1757 tte·
369 1688 527 1759 Historia
550 1691 764 1777 umsutptn
786 1703 864 1760 sunt
875 1713 1055 1781 perpauca
1069 1701 1256 1775 amoenet,
1274 1690 1386 1778 fuisse
1400 1710 1519 1777 nempe
1532 1690 1631 1758 initio

305 1795 357 1867 11⁷
370 1795 501 1867 caecidi
520 1799 558 1867 iu
581 1798 712 1866 duobus
734 1798 898 1869 Romanis
922 1802 1075 1889 oppidis,
1100 1802 1160 1890 paci
1180 1798 1395 1868 aurumne
1416 1808 1531 1867 secero
1549 1797 1630 1866 reli·

306 1910 400 1999 pioni
426 1907 578 1989 addicti,
606 1903 773 1975 Arionem
800 1910 878 1978 deire
904 1909 1064 1977 dommo
1092 1907 1250 1997 eliasque
1271 1918 1356 1995 port
1377 1930 1451 1977 cam
1472 1909 1630 1979 inductos

307 2038 382 2085 esse
409 2016 471 2084 sud
493 2018 643 2103 quedem
664 2014 795 2084 saeculi
819 2018 936 2104 finem,
964 2040 989 2085 a
1012 2017 1210 2086 Saeontous
1231 2016 1375 2105 deniquo
1396 2017 1533 2084 dudae
1555 2036 1630 2084 esse

306 2125 480 2194 ecclesias.
530 2122 754 2215 Quaecunque
775 2146 858 2193 uero
881 2124 938 2193 1t⁷
954 2124 1092 2194 saeculo
1115 2136 1194 2195 sunt
1213 2126 1340 2214 priora
1355 2132 1531 2213 perpetuo
1552 2134 1632 2196 teoto

308 2232 475 2302 obliuione
498 2232 630 2300 cincta.

393 2340 577 2409 Auctoribus
594 2340 695 2410 Gildns
710 2345 740 2408 io
755 2342 887 2411 Historia
902 2366 975 2410 usus
991 2357 1036 2410 est
1050 2345 1243 2433 paucissimis,
1261 2341 1392 2409 Eusebio
1407 2343 1544 2421 maxime,
1561 2341 1629 2409 dein

306 2450 439 2541 Sulpicio
456 2449 585 2530 Severo,
609 2450 791 2540 Hieronymo
816 2474 936 2542 quoque
959 2454 1044 2539 cujus
1067 2475 1106 2519 ex
1127 2451 1204 2519 libro
1228 2450 1265 2517 de
1283 2450 1480 2539 scriptoribus
1496 2451 1630 2518 ecclesia-

306 2562 387 2625 sticis
410 2561 550 2625 sumsisse
567 2557 695 2637 videtur,
720 2582 796 2649 quae
819 2560 855 2625 de
870 2559 1041 2650 Porphyrio
1064 2562 1115 2627 ait.
1150 2560 1248 2627 Unum
1269 2557 1431 2648 Porpbyrii
1451 2582 1544 2625 unum
1558 2558 1628 2624 Phi-

305 2668 381 2734 lonis
405 2667 514 2734 dictum
539 2668 624 2735 affert
645 2664 676 2755 (§
692 2667 723 2735 sl.
741 2665 806 2753 20).
831 2668 949 2758 Virgilii
971 2668 1099 2758 denique
1113 2667 1187 2735 illud
1201 2668 1277 2734 Aen.
1292 2666 1344 2748 [Χ.
1361 2664 1405 2733 24
1427 2664 1515 2753 525.
1530 2666 1628 2733 XXV.

307 2776 349 2842 De
377 2797 477 2843 sacrae
505 2778 668 2865 scripturas
696 2798 754 2867 que
778 2799 849 2844 usus
872 2778 913 2844 sit
934 2779 1071 2845 versione
1092 2776 1169 2845 infru
1192 2773 1325 2844 dicemus
1347 2776 1374 2841 si
1394 2776 1479 2863 prins
1502 2774 1539 2841 de
1559 2774 1631 2862 Epi·
1775 2866 1780 2873 Ι

305 2885 383 2950 stole
405 2883 637 2951 disseruerimus.

811 3058 934 3130 siloae
955 3059 1124 3149 mertolo.

283 3210 293 3235 '
393 3208 474 3275 Hoec
496 3230 584 3299 quam
607 3230 646 3275 ex
668 3205 769 3275 codiee
792 3205 974 3275 Cottoninno
991 3204 1118 3274 Galaeus
1141 3203 1298 3296 descripsit
1318 3199 1368 3290 (cl.
1388 3199 1492 3295 supro)
1514 3206 1626 3271 inuno

306 3317 407 3387 codice
430 3316 603 3407 Ganubrig.
626 3316 664 3382 D.
684 3313 781 3381 dli.
806 3314 895 3381 bodie
918 3328 1025 3383 exstat.

392 3426 533 3493 Primitus
556 3442 627 3491 vero
649 3424 784 3514 Epistola
813 3438 843 3491 et
864 3423 996 3490 Historia
1025 3420 1152 3491 »Gildne
1173 3423 1261 3490 libri«
1297 3425 1416 3489 nornine
1443 3434 1516 3489 nota
1538 3422 1629 3488 inisse

304 3532 431 3611 videtur,
455 3532 535 3600 unde
558 3546 587 3599 et
601 3533 766 3622 Vergilium
789 3544 946 3622 utromque
967 3535 998 3598 in
1020 3554 1076 3599 suo
1100 3530 1203 3599 codice
1224 3532 1304 3599 nulla
1320 3534 1493 3619 interposita
1506 3528 1628 3596 rubrica

305 3646 446 3711 continuo
470 3644 608 3731 scriptam
632 3644 792 3721 invenisse,
815 3640 973 3707 verisimile
995 3654 1048 3707 est.

393 3750 483 3836 Quod
506 3772 541 3817 eo
564 3749 678 3816 lucilius
700 3748 764 3815 fieri
786 3752 903 3838 potuit,
929 3771 1020 3838 quum
1042 3747 1177 3838 Epistola
1200 3749 1384 3815 continuatio
1407 3744 1626 3836 quodammodo

303 3863 342 3926 sit
364 3859 520 3925 Historiae.
568 3856 683 3924 Gildam
706 3879 777 3923 vero
807 3858 872 3944 ejus
901 3870 1051 3923 auctorem
1081 3880 1145 3923 esse
1170 3870 1230 3923 tam
1252 3878 1346 3946 genus
1368 3853 1516 3922 scribendi
1539 3876 1626 3944 mam

303 3970 502 4035 vetustissima
524 3965 633 4034 docent
654 3966 821 4032 testimonia
844 3960 936 4048 (conl.
951 3960 1065 4054 snpra).
1097 3964 1167 4031 Non
1188 3977 1286 4031 umen
1308 3986 1385 4053 nego
1402 3986 1465 4029 eam
1481 3976 1511 4030 et
1525 3961 1627 4053 dispo·

303 4080 410 4143 sitione
434 4089 463 4142 et
485 4077 700 4166 compositione
722 4086 873 4163 praestare
896 4072 1071 4152 Historiam,
1101 4087 1135 4139 ut
1156 4074 1214 4140 hac
1235 4074 1314 4139 illem
1336 4075 1529 4164 posteriorem
1552 4095 1625 4151 esse,

304 4188 360 4251 nisi
375 4186 516 4253 Mailcuni
539 4196 619 4251 oetas
643 4182 789 4263 officeret,
813 4179 899 4249 iacils
921 4180 994 4247 mibi
1016 4180 1233 4271 persuaderem.
1267 4181 1321 4249 Est
1343 4194 1442 4251 autem
1461 4182 1533 4250 baec
1548 4179 1626 4249 illius

304 4292 348 4360 dis
372 4296 475 4361 esitio:

349 4317 369 4382 p
718 4381 739 4447 l.
775 4379 977 4469 Principum
999 4379 1205 4470 odjurpotio.

517 4506 546 4574 1.
579 4507 680 4573 Mores
703 4529 805 4572 eorum
829 4506 972 4575 describit
1003 4506 1091 4594 527.

516 4615 546 4682 2.
582 4617 716 4703 increpat
737 4615 870 4705 singulos
904 4613 1080 4703 §to-36.

516 4722 546 4791 3.
582 4722 758 4789 exhortatur
780 4746 831 4790 sos
852 4724 927 4792 locis
949 4747 988 4797 tx
1002 4724 1071 4795 Vct.
1088 4723 1170 4797 Tssl·
1195 4724 1331 4799 adductis
1360 4720 1536 4817 §di-64.

515 4830 547 4905 ll.
582 4830 741 4905 Conclusio
777 4828 863 4929 565.
