3642 5309
333 318 384 399 24
875 340 944 393 oar.
962 341 995 392 n.
1033 340 1127 392 aron

330 500 427 569 tleerio
458 495 601 586 adjuncta
630 506 716 574 snut,
744 494 777 560 in
804 493 885 559 hunc
915 514 1045 561 errorem
1074 508 1227 564 auctorem
1248 493 1441 567 induerunt.
1487 496 1548 568 Sed
1568 502 1666 590 majus

332 622 378 677 est
399 607 625 675 stolidissimum
647 602 735 683 illud,
760 601 879 670 eosdem
894 604 1104 692 imperatores,
1130 627 1206 696 qnos
1221 608 1330 674 scium
1344 608 1561 680 inimicissimos
1571 610 1667 681 lumea

334 716 527 795 Christianis,
551 715 682 791 misisse,
707 714 758 802 qui
779 711 906 778 Lucium
930 709 1132 780 Christianum
1154 713 1293 783 lacerent

424 823 474 891 Sic
498 826 591 913 igitur
606 819 706 888 Bedao
727 822 859 887 namatio
875 819 919 886 lX
941 822 1060 887 saeculo
1085 836 1217 889 correcta
1232 823 1352 914 quidem
1366 838 1425 905 est,
1449 846 1542 916 φιιιιιι
1555 828 1666 898 Lucius

333 934 521 1002 Britannicus
547 952 604 998 rex
626 932 704 995 inter
725 929 846 1019 regulos
870 929 1048 1010 collocetur,
1078 945 1183 998 ornata
1206 932 1290 1012 dein,
1318 932 1464 1024 siqnidem
1485 938 1578 1005 totius
1600 939 1666 1005 Bri·

332 1045 451 1109 tanniao
473 1038 570 1130 reguli
592 1040 740 1127 accepisse
762 1036 851 1103 fidem
874 1036 1021 1119 seruntur,
1045 1038 1169 1106 confusa
1190 1040 1319 1132 deniquo
1339 1065 1427 1134 quam
1441 1047 1568 1115 maxime
1584 1046 1667 1138 quod

334 1150 374 1221 ad
395 1164 531 1239 tempora
553 1149 683 1237 pertinet
705 1169 740 1214 ac
762 1168 917 1234 personas.

423 1261 467 1327 At
494 1256 626 1323 fabulam
654 1279 672 1321 a
693 1254 837 1321 Romanis
866 1255 966 1322 fictam
989 1255 1126 1323 Britoncs
1153 1255 1236 1323 haud
1257 1272 1429 1348 recepturos
1451 1259 1543 1329 luisse
1564 1265 1667 1331 existi-

336 1379 427 1437 mant
463 1364 553 1452 Quod
575 1388 631 1454 ego
647 1385 708 1431 non
724 1386 863 1453 negarem
876 1367 937 1430 nisi
952 1363 1027 1431 adeo
1043 1365 1246 1433 Romanorum
1261 1366 1414 1435 studiosus
1430 1384 1507 1437 esset
1519 1371 1668 1440 Historiae

335 1479 411 1545 Brit.
432 1489 548 1555 auctor,
571 1486 608 1539 ut
628 1473 698 1539 ficta
712 1470 849 1538 Romana
870 1476 968 1564 gentis
990 1496 1062 1540 suae
1085 1477 1199 1564 origine
1221 1496 1352 1541 summos
1375 1477 1433 1544 sibi
1453 1481 1485 1543 in
1507 1480 1668 1568 populares

336 1588 467 1654 honores
497 1583 632 1652 conferre
660 1580 821 1649 videretur.
866 1582 917 1647 Au
946 1582 994 1648 his
1023 1596 1186 1673 repugnat,
1217 1586 1243 1649 si
1264 1584 1407 1651 Romanis
1435 1586 1588 1653 veteribus
1616 1590 1668 1677 qui

336 1696 491 1774 laverunt,
517 1692 709 1781 Gregorianis
725 1688 878 1757 monachis
894 1693 946 1780 qui
961 1704 995 1757 ut
1011 1688 1147 1758 Saxones
1162 1692 1348 1771 civitatibus,
1364 1697 1406 1761 ita
1420 1694 1549 1761 scelestis
1559 1698 1668 1785 jugum

336 1808 489 1893 imponere
511 1800 681 1879 studerent,
704 1798 793 1865 iidem
815 1799 1009 1865 restiterunt?
1031 1800 1074 1867 At
1095 1821 1133 1865 ne
1154 1800 1229 1866 illud
1251 1801 1371 1890 quidem
1394 1825 1433 1869 cx
1453 1802 1586 1871 Historia
1603 1805 1669 1871 Bri-

336 1926 441 1981 tonum
464 1912 595 2001 experiri
616 1909 700 1988 licet,
724 1931 796 1975 num
820 1922 925 1974 auctor
947 1906 1045 1974 oderit
1058 1906 1208 1975 Romanas
1231 1910 1368 1977 ecclesias
1384 1932 1438 1977 nce
1452 1934 1499 1979 ne.
1533 1912 1667 1993 Accedit,

338 2021 421 2115 quod
442 2022 490 2087 ille
512 2020 630 2091 fabulas
653 2019 735 2085 nullo
759 2016 927 2085 discrimine
950 2039 984 2084 ac
1003 2016 1119 2105 judicio
1141 2017 1274 2107 undique
1297 2023 1455 2109 congessit.

426 2130 530 2221 Neque
554 2127 682 2218 deniquo
705 2150 744 2194 ox
766 2129 893 2193 nummis
915 2129 997 2205 istis,
1021 2147 1098 2216 quos
1123 2126 1236 2193 »literis
1258 2126 1485 2195 obscurioribus
1499 2150 1607 2198 nomen
1621 2131 1669 2197 luc

338 2242 480 2311 denotare
494 2240 630 2317 videri«,
653 2236 790 2304 Usseriua
813 2234 920 2314 refert,
944 2257 1037 2324 ιῙιιιιιιι
1059 2257 1207 2324 nusquam
1230 2249 1364 2315 exstent,
1388 2237 1564 2305 concludere
1582 2241 1669 2328 qnid·

339 2373 427 2447 φιιιιι
455 2350 538 2427 licet,
569 2368 667 2435 nequo
695 2368 733 2411 ex
755 2348 873 2411 nomine
895 2345 991 2411 Lerer
1011 2344 1126 2423 lllawr,
1157 2342 1240 2434 quod
1261 2344 1316 2411 Xll
1338 2346 1455 2414 saemrlo
1477 2345 1617 2415 librarius
1638 2350 1669 2413 in

337 2464 469 2555 margine
493 2458 603 2524 codicis
627 2452 782 2541 cujusdam
804 2451 930 2519 addidit.

427 2569 507 2639 Jam
528 2563 632 2645 odil,
655 2572 696 2631 act
720 2562 843 2650 opinor
865 2560 998 2647 obstat,
1021 2582 1088 2652 qao
1108 2561 1219 2630 minas
1241 2560 1332 2630 dano
1349 2560 1507 2650 fabulam
1529 2582 1599 2653 qua
1619 2560 1668 2630 ad

339 2680 568 2769 recipiendam
590 2672 771 2760 Pontificio
794 2668 943 2739 Romani
971 2672 1212 2739 audacitatem
1234 2671 1474 2741 edomentur
1494 2669 1670 2754 Britoaes,

340 2792 509 2863 iooeotom
531 2804 605 2853 esse
624 2790 709 2870 past
731 2778 920 2870 Augustini
942 2780 1126 2848 adventum
1146 2800 1351 2849 censeamus.

429 2898 473 2963 lle
495 2892 740 2961 Per-secatione
755 2886 968 2957 Diocletiana·
990 2887 1065 2978 Cap.
1077 2888 1133 2967 Vl,
1158 2911 1246 2978 φιιιιι
1269 2914 1309 2956 ex
1324 2888 1432 2957 Oresio
1448 2888 1515 2969 Vll,
1530 2886 1574 2956 25
1589 2888 1673 2957 Beda

342 3006 515 3095 descripsit,
551 3002 586 3067 de
616 2995 843 3085 martyribus,
878 3019 903 3063 c.
926 2996 993 3074 Vll,
1031 2995 1068 3062 de
1096 2996 1234 3061 ecclesiae
1262 2996 1390 3088 denique
1416 2998 1616 3089 prosperitate
1643 3008 1674 3066 et

342 3114 480 3185 Anaua
502 3106 640 3178 damasi
661 3128 687 3172 c.
704 3105 768 3170 Vlll
796 3126 858 3169 non
888 3118 934 3171 ost
961 3102 1044 3192 quod
1072 3103 1159 3193 plura
1181 3103 1324 3171 dicamus.
1369 3108 1522 3197 lgnoravit
1543 3109 1620 3173 cuim
1643 3120 1674 3173 ct

342 3229 422 3317 ipse,
446 3221 683 3310 persecutionem
704 3216 736 3279 in
751 3210 904 3279 Britannia
928 3232 1058 3279 cessasse
1073 3223 1146 3300 post
1160 3211 1238 3279 dnos
1252 3236 1363 3294 annos,
1386 3212 1424 3281 de
1438 3214 1557 3282 Albano
1572 3227 1672 3281 autem

345 3333 542 3422 copiosiorem
571 3338 605 3416 et,
629 3325 837 3414 elegantiorem
867 3319 1003 3411 prodidit
1024 3321 1233 3389 narrationem.
1278 3324 1310 3389 ln
1334 3344 1359 3389 c.
1375 3322 1440 3388 Vlll
1461 3322 1588 3412 deniqne
1611 3322 1673 3390 Gil-

346 3442 413 3509 dam
429 3434 460 3529 (ᾗ
476 3434 531 3520 22)
555 3433 732 3501 adverbum
756 3442 877 3497 secutus
900 3453 941 3497 cx
956 3428 1064 3496 0rosio
1082 3430 1148 3509 Vll,
1165 3429 1207 3497 25
1230 3454 1327 3520 pauca
1341 3430 1472 3512 addidit,
1496 3430 1549 3499 sed
1563 3432 1673 3499 Eutro-

343 3552 427 3640 pium
451 3558 600 3613 auctorem
624 3544 734 3607 citavit.
767 3539 872 3629 Neque
894 3540 954 3604 huo
974 3540 1119 3628 pertinet,
1143 3561 1219 3629 quae
1241 3563 1268 3607 c.
1283 3540 1315 3606 X
1337 3538 1373 3606 de
1388 3537 1581 3628 Pelopiam
1602 3540 1672 3607 ltac-

345 3660 404 3726 rcsi
434 3678 473 3722 ex
501 3654 649 3740 Prospero
672 3650 796 3740 Tyrone
824 3646 863 3714 ad
891 3645 1002 3714 dread
1033 3660 1063 3714 et
1088 3647 1167 3713 Heu.
1188 3648 1243 3728 Vl,
1273 3662 1303 3715 et
1329 3647 1478 3737 Prospero
1501 3649 1605 3737 Aquit.
1634 3647 1673 3714 ad

344 3766 418 3834 Luc.
442 3764 479 3829 V.
510 3783 585 3828 coss.
617 3756 694 3843 1413
723 3757 770 3824 vel
797 3754 875 3842 414)
904 3768 994 3845 atque
1022 3777 1061 3822 cx
1088 3755 1230 3846 Prosperi
1252 3752 1351 3824 Carm
1380 3759 1412 3823 in
1434 3754 1569 3824 Obtrcct
1590 3756 1670 3847 Aug.

347 3874 532 3961 conscripsit.

436 3981 612 4047 Transimus
641 3973 680 4042 ad
703 3970 902 4041 Missionem
930 3970 1092 4041 Genuam
1118 3994 1144 4040 c.
1166 3970 1389 4052 XVll-XXl,
1420 3994 1509 4062 mam
1531 3971 1613 4040 Beda
1634 3994 1672 4039 en

347 4096 418 4162 Vita
442 4090 580 4157 Germani
608 4085 810 4172 transcripsit,
841 4104 918 4171 quae
945 4094 1044 4149 exstat
1070 4086 1101 4148 in
1128 4083 1212 4149 Actis
1235 4080 1335 4149 Sanct
1362 4079 1421 4148 Jul.
1438 4080 1507 4161 vll,
1533 4078 1594 4147 191
1625 4079 1670 4147 ed.

348 4201 457 4270 Bosch.
482 4222 508 4264 a.
527 4192 622 4262 1731.
646 4194 710 4259 Hac
731 4213 804 4257 vero
826 4189 926 4257 Bedae
948 4194 1097 4271 recensio,
1123 4214 1198 4283 quae
1220 4190 1400 4258 difficiliores
1423 4212 1511 4279 saepe
1531 4190 1672 4259 lectiones

347 4312 472 4387 habeat,
497 4306 648 4394 antiquior
664 4324 727 4370 esso
741 4299 870 4369 ridetur.
897 4299 968 4367 Vita
986 4299 1036 4367 illa
1054 4298 1158 4390 aquo
1173 4296 1359 4387 siquando
1375 4299 1414 4365 sit
1427 4301 1552 4389 scripta,
1575 4304 1671 4389 primo

349 4416 551 4512 quaerendum
573 4425 626 4479 est.

438 4528 599 4595 Auctorem
623 4542 723 4587 omnes
747 4520 937 4588 consentiunt
954 4516 1161 4586 Constantium
1184 4539 1247 4584 esse
1268 4516 1497 4609 Lugdunensem
1517 4516 1673 4608 presbyte-

350 4659 432 4714 rum,
457 4633 573 4701 Sidonii
595 4629 777 4719 Apollinaris
799 4628 980 4694 familiarem.
1019 4626 1162 4695 Sidonius
1184 4626 1302 4716 quidem
1326 4625 1480 4695 Gennadio
1503 4638 1578 4693 teste
1592 4628 1673 4717 Lug·

352 4745 426 4813 duni
447 4754 535 4808 natus
558 4762 584 4807 a.
601 4736 682 4818 438,
713 4741 872 4827 episcopus
894 4738 1090 4803 Arvernensis
1111 4734 1207 4803 lactus
1230 4749 1275 4803 est
1297 4758 1324 4802 a.
1343 4733 1418 4801 472.
1462 4734 1490 4801 ls
1512 4736 1612 4824 plures
1635 4734 1672 4801 ad

355 4850 562 4927 Constantium
585 4846 724 4937 epistolas
746 4848 879 4939 scripsit,
904 4867 981 4939 quae
1003 4844 1092 4914 hodie
1115 4856 1234 4915 exstant
1255 4840 1457 4937 (ellipsim
1477 4843 1551 4927 1,1.
1574 4842 1624 4926 tlt,
1640 4843 1671 4915 2.
