3642 5309
339 308 390 383 40
836 331 902 379 car.
922 330 956 381 v.
993 330 1177 405 comesne.

428 482 459 550 t.
493 478 653 550 Ecclesia
680 478 942 552 Glastom'errsis.
989 484 1035 551 ile
1062 507 1122 575 qua
1152 476 1299 576 quidquid
1321 484 1368 553 vei
1395 508 1434 552 er
1457 485 1688 553 monachorum

339 593 562 659 narrationibus
584 592 632 657 vei
661 612 700 657 cx
728 594 847 681 sculptis
869 592 924 659 Xii
951 594 1070 659 sacculo
1099 596 1220 683 congeri
1247 593 1370 673 licebat,
1400 592 1575 661 Guiiieimus
1598 594 1688 661 Mai-

319 702 538 783 ,mesbirieneis
561 703 592 766 in
614 699 692 765 libro
716 699 753 765 de
767 696 987 788 Antiquitate
1005 700 1252 770 Glauoatencts
1275 703 1414 769 ecciesiae
1435 706 1597 770 memoriae
1616 717 1687 770 tra·

341 809 425 877 didit.
460 798 486 875 is
510 830 679 898 quanquam
701 805 837 875 doctriua
859 823 889 875 et
903 813 1090 899 antiquitatis
1106 810 1207 877 studio
1224 811 1355 901 reliquos
1370 813 1417 878 sni
1432 816 1497 879 aevi
1511 817 1689 903 scriptores

339 920 429 1008 louge
450 919 625 1007 praecessit,
651 927 736 982 caute
758 930 856 982 tamen
881 941 916 983 eo
940 932 1063 985 auctore
1084 918 1228 985 utendum
1244 931 1303 999 est,
1328 922 1379 1009 qui
1395 921 1542 1009 quaslibet
1556 921 1688 989 fabulas
1808 933 1809 936 ’

341 1031 381 1094 sit
408 1038 572 1115 aucupatus
601 1038 631 1090 ct
660 1046 761 1090 omnes
789 1026 922 1117 undique
950 1028 1093 1121 flosculos
1122 1030 1274 1115 carpserit.
1319 1028 1442 1094 Librum
1470 1042 1568 1095 autem
1594 1030 1689 1097 illum
1808 1049 1809 1112 ᾗ

341 1157 448 1202 vereor
469 1158 505 1200 ne
528 1132 626 1199 nuilus
650 1154 766 1211 eorum,
798 1137 849 1224 qui
878 1134 918 1201 ad
939 1158 995 1202 nos
1025 1151 1240 1224 pervenerunt,
1271 1135 1421 1214 codicum,
1450 1140 1603 1227 integrum
1628 1162 1689 1204 ex·
1808 1127 1809 1188 i

341 1244 453 1310 hibeat.
487 1244 519 1308 in
543 1244 644 1311 codice
667 1246 744 1309 enim
767 1241 845 1309 Bibi.
864 1243 973 1310 Trinit.
990 1241 1057 1309 cot.
1074 1242 1200 1311 Cantab.
1225 1266 1311 1334 quem
1328 1242 1455 1310 Gaiaeus
1475 1247 1688 1335 negligentius
1808 1281 1809 1288 .

344 1375 370 1419 a.
391 1348 469 1418 1691
500 1351 608 1430 edidit,
634 1348 940 1419 deiniiearne1720
960 1351 1058 1417 denno
1075 1355 1275 1441 transcripsit,
1298 1353 1391 1418 multa
1406 1376 1484 1431 esec,
1509 1376 1587 1442 quae
1605 1354 1689 1421 Gui-

342 1459 440 1525 iieimo
463 1459 545 1525 nulio
570 1461 659 1526 modo
684 1460 812 1527 adscribi
835 1472 976 1547 possent,
997 1462 1060 1547 jam
1084 1460 1200 1527 licarne
1222 1461 1307 1526 vidit.
1352 1462 1438 1527 Alius
1461 1482 1583 1550 quoquc
1609 1462 1685 1529 ced.

343 1568 464 1635 membr.
489 1569 612 1657 Vespas.
636 1568 679 1647 b,
703 1567 791 1646 XXI,
820 1560 858 1633 8⁰
886 1568 1084 1655 pulcherrime
1113 1568 1233 1658 quIdem
1255 1569 1309 1635 sed
1330 1570 1511 1659 negligenter
1533 1573 1686 1659 scriptus,

342 1701 439 1767 neque
456 1676 553 1743 adbuc
569 1676 681 1756 editus,
706 1677 798 1743 muita
814 1678 962 1754 continet,
987 1697 1062 1764 quae
1078 1690 1149 1765 post
1165 1676 1310 1743 Guiiieimi
1325 1691 1461 1766 tempora
1476 1691 1547 1745 sunt
1561 1678 1685 1746 addita.

344 1786 427 1856 Ordo
451 1808 570 1875 quoque
594 1786 668 1851 alius
691 1796 749 1863 est,
775 1796 864 1873 atque
887 1786 917 1848 in
940 1806 1032 1870 supra
1056 1784 1136 1850 dicto
1160 1784 1273 1852 codice.
1313 1785 1460 1853 Guliicimi
1481 1788 1593 1853 librum
1618 1789 1685 1867 alii,
1808 1869 1809 1872 Ἴ

344 1896 477 1963 Adamus
501 1896 627 1961 maxime
642 1893 902 1960 Domerbamensis
926 1889 1004 1976 (iiiii
1020 1891 1112 1978 saec.)
1135 1907 1165 1959 et
1177 1892 1329 1961 iohannes
1345 1893 1478 1961 Giaston.
1497 1892 1568 1979 (XV
1584 1896 1686 1983 saec.)

343 2006 487 2095 paulatim
509 2016 666 2070 auxerunt.

433 2113 465 2178 in
488 2110 692 2201 componenda
716 2123 814 2177 autem
836 2110 962 2177 historia
979 2109 1152 2177 Guiiieimus
1170 2109 1418 2177 Giastoniensium
1440 2113 1566 2177 vanitati
1588 2115 1685 2181 nimis

344 2245 481 2289 aseensus
508 2234 561 2287 est.
609 2219 791 2287 Giastoniam
815 2222 892 2286 enim
916 2218 1074 2285 duodecim
1097 2220 1228 2308 Philippi
1251 2219 1412 2307 discipulos
1434 2222 1550 2286 venisse
1569 2222 1683 2312 deique

345 2332 496 2398 ecclesiam
518 2329 551 2396 S.
568 2329 679 2395 Mariae
703 2325 870 2394 condidisse
892 2340 1011 2404 namet,
1043 2349 1132 2416 quam
1162 2328 1199 2394 ab
1222 2328 1327 2416 buglis
1347 2327 1439 2393 Ealde
1460 2327 1562 2394 irircbe
1585 2353 1679 2395 voca-
1808 2347 1809 2426 }

343 2454 405 2505 tam
428 2460 462 2505 ac
486 2438 538 2503 diu
561 2436 825 2525 frequentissimam
847 2434 941 2501 luisse
963 2435 1062 2503 r'eicrt.
1101 2435 1140 2501 itt
1154 2438 1208 2501 vix
1223 2436 1301 2501 ullus
1317 2448 1387 2501 tunc
1402 2439 1544 2523 temporis
1561 2442 1676 2525 magnis
1808 2435 1809 2518 j

345 2550 376 2612 in
403 2546 570 2611 honoribus
597 2542 779 2620 habebatur,
817 2545 889 2631 quia
921 2543 1090 2609 Glastoniae
1117 2542 1210 2609 fuisse
1238 2543 1394 2609 diceretur.
1442 2542 1559 2609 Gildam
1584 2549 1679 2625 enIm,

344 2654 522 2731 Patricium,
546 2650 730 2729 indractum,
755 2650 924 2740 Brigidam‚
942 2652 1123 2739 Benignum‚
1147 2653 1190 2720 ihi
1204 2653 1252 2718 vei
1268 2665 1466 2719 commoratos
1481 2654 1528 2717 vel
1541 2655 1681 2741 sepultos

346 2786 424 2841 esse,
459 2762 609 2829 Danielem
638 2760 907 2848 Archiepiscopuru
942 2781 1008 2825 cum
1037 2759 1056 2825 7
1087 2764 1234 2851 episcopis
1267 2760 1433 2828 dedicatum
1460 2760 1611 2826 ecclesiam
1641 2784 1680 2827 ce

345 2876 460 2937 venisse
482 2870 625 2935 serebant.
672 2868 714 2934 At
737 2890 917 2957 quamquam
946 2865 1020 2932 baec
1048 2881 1078 2934 et
1101 2870 1157 2933 alia
1179 2869 1326 2957 ejusmodi
1348 2869 1568 2937 Giastonienses
1591 2870 1682 2937 eiatis
1808 2881 1809 2934 l

345 2979 467 3045 narIbus
492 2976 662 3064 jactabant,
692 2988 791 3041 tamen
818 2996 914 3063 usque
937 2973 975 3039 ad
997 2974 1062 3039 VIII
1084 2997 1160 3042 saec.
1184 2978 1322 3044 ecciesiae
1344 2978 1470 3043 historia
1488 2980 1522 3041 iu
1543 2977 1682 3045 tenebris

343 3090 432 3176 jacet.
479 3085 544 3151 Jam
575 3088 651 3149 enim
674 3082 761 3159 Illud,
794 3079 875 3169 quod
898 3081 1060 3146 Patricium
1082 3094 1113 3147 et
1134 3080 1299 3171 Benignum
1322 3082 1430 3151 Scotos
1454 3084 1683 3152 Giastonienses

346 3194 483 3261 monachi
505 3214 577 3257 suos
593 3190 760 3268 vindicant,
785 3192 856 3255 satis
880 3203 1086 3277 argumentum
1101 3203 1162 3269 cst,
1188 3194 1276 3279 quam
1293 3194 1388 3282 ignari
1403 3194 1588 3281 antiquitatis
1603 3216 1683 3261 suae

346 3305 465 3369 luerint.
510 3300 572 3367 Nec
600 3299 636 3363 de
660 3300 719 3365 ulio
743 3296 915 3364 Britannico
940 3297 1048 3364 abbate
1071 3298 1246 3367 Guiiielmus
1270 3299 1430 3389 quidquam
1452 3302 1573 3365 invenit.
1621 3301 1684 3369 Sin

348 3412 507 3501 Worgrct,
531 3404 719 3484 Ladc'mund,
744 3406 903 3495 Bregoret,
929 3428 1055 3495 quomam
1077 3410 1197 3473 nomina
1220 3411 1251 3472 in
1275 3408 1374 3474 tabula
1395 3409 1520 3497 quadam
1536 3409 1683 3477 ecciesiae
1808 3441 1809 3448 ¹

347 3522 468 3605 majorIs
491 3516 527 3582 ab
550 3517 599 3581 loe
623 3515 743 3580 condita
764 3514 850 3603 legit,
883 3515 1071 3581 Britannicos
1095 3515 1219 3582 abbates
1241 3529 1345 3594 vocat,
1376 3516 1447 3605 quid
1471 3516 1507 3582 de
1527 3516 1581 3582 tali
1603 3539 1683 3583 con·

343 3631 459 3716 jectura
488 3628 526 3689 sit
543 3622 737 3711 judicandum
760 3644 847 3687 nemo
870 3644 931 3687 non
954 3621 1045 3688 videt.
1093 3622 1204 3689 Charta
1227 3637 1324 3689 autem
1345 3623 1465 3690 Patricii
1489 3622 1683 3691 Giastonien·
1808 3631 1809 3702 l

348 3740 423 3803 sium
447 3730 501 3817 (Xi
523 3730 644 3815 saeculi)
667 3732 852 3821 Ignorantiae
875 3743 905 3795 et
927 3733 1054 3796 astutiae
1077 3735 1223 3819 specimen
1247 3744 1300 3797 est.
1344 3732 1465 3797 Ficticia
1487 3753 1608 3821 quoque
1632 3750 1684 3802 est

348 3846 398 3910 iiia
420 3843 575 3908 Bononiae
603 3844 696 3929 regis,
728 3842 814 3925 cujus
836 3860 943 3904 nomen
967 3842 1138 3928 ignoratur,
1170 3840 1317 3918 chartula,
1349 3860 1438 3927 quam
1460 3862 1538 3905 anno
1560 3842 1679 3909 incarn.
1808 3839 1809 3876 ³

349 3950 412 4017 601
439 3952 578 4037 scriptam
601 3972 680 4026 esse,
704 3948 835 4036 lingitur.
874 3945 959 4012 lianc
982 3950 1057 4012 enim
1080 3959 1247 4037 temporum
1270 3952 1415 4014 rationem
1438 3950 1521 4012 initio
1539 3950 1589 4013 Vss
1610 3972 1681 4017 sae·
1808 3963 1809 3986 ³

349 4060 409 4127 cuii
431 4057 603 4125 Britonibus
627 4060 758 4146 ignotam
781 4054 888 4131 fuisse,
912 4056 1056 4120 neminem
1078 4056 1163 4133 latet,
1188 4070 1218 4121 et
1234 4056 1276 4121 lX
1293 4054 1410 4121 demum
1433 4056 1549 4123 saeculo
1571 4061 1680 4147 paula-

348 4172 402 4235 tim
425 4171 455 4233 in
478 4188 564 4232 usum
587 4168 717 4241 venisse,
743 4184 835 4251 supra
857 4161 1123 4230 demonstravimus
1147 4160 1236 4246 (coni.
1253 4164 1328 4229 ilist.
1345 4161 1443 4249 Brit).
1482 4162 1544 4230 Sed
1566 4178 1596 4231 et
1617 4168 1679 4235 alia

350 4291 421 4344 sunt
449 4298 524 4365 quae
552 4276 750 4361 suspicionem
779 4282 914 4349 movent,
949 4286 984 4338 ut
1010 4294 1083 4339 vero
1113 4273 1161 4337 bic
1188 4271 1388 4360 explicentur,
1425 4293 1502 4359 opus
1529 4295 1590 4337 non
1618 4289 1676 4346 est.

351 4384 431 4472 Quiri
454 4382 537 4473 quod
560 4403 753 4471 quaecunque
775 4379 842 4445 inae
865 4382 945 4469 regis
967 4381 1070 4447 charta
1092 4377 1131 4464 (a.
1148 4377 1226 4464 723)
1248 4383 1427 4447 vetustiores
1450 4402 1513 4445 csse
1527 4381 1676 4465 feruntur,

350 4496 472 4559 ficticias
502 4514 551 4557 eas
586 4513 650 4555 esse
677 4492 723 4554 vir
752 4486 905 4554 Saxonum
940 4492 1124 4578 antiquitatis
1153 4491 1348 4577 peritissimus
1376 4488 1499 4555 Iicmblc
1526 4492 1678 4577 praeclare
1808 4513 1809 4536 ³

352 4602 483 4668 ostendit
505 4596 596 4683 (coni.
615 4595 720 4665 Codex
743 4592 918 4685 diplomat).
964 4598 1016 4662 ina
1037 4610 1136 4663 autem
1158 4598 1279 4663 Asserio
1302 4610 1379 4663 teste
1399 4601 1610 4665 monasterium
1632 4601 1678 4667 ibi
1808 4615 1809 4626 ¹

209 4706 213 4715 ’
352 4710 498 4789 condIdit‚
523 4712 607 4797 eique
622 4705 830 4795 Hcmgisciium
852 4705 994 4793 praeiecit
1015 4701 1055 4790 (a.
1072 4702 1159 4788 726).
1195 4704 1293 4790 Quum
1307 4727 1379 4771 vero
1402 4717 1470 4771 ante
1491 4706 1572 4772 illum
1588 4712 1677 4797 quin-

337 4827 412 4909 que
426 4817 560 4885 abbbates
575 4815 717 4885 Saxonici
740 4816 778 4883 ab
803 4837 880 4885 anno
897 4811 962 4883 668
985 4836 1080 4904 usque
1102 4813 1141 4882 ad
1156 4811 1222 4883 726
1245 4812 1434 4883 aGuiiieimo
1456 4832 1674 4899 enumerentur,
1808 4813 1809 4818 ’
