3642 5309
714 320 780 369 CAP.
799 321 820 369 l.
854 320 974 371 anuas.

692 562 725 629 ll.
762 560 996 632 Sacerdotem.

503 684 531 752 1.
566 684 665 753 Mores
689 710 792 777 eorum
824 687 999 778 §ou-68.

499 793 530 861 2.
564 794 707 884 Bxempla

610 901 645 988 α)
679 927 717 972 ex
739 904 806 973 Vet.
830 907 913 974 Test.
948 904 1124 995 §ot-72.

614 1010 646 1096 b)
680 1035 719 1079 ex
740 1012 818 1081 Nor.
842 1014 925 1081 Test.
961 1013 1048 1102 573.

614 1117 646 1204 c)
680 1144 718 1187 ex
740 1120 818 1189 Bccl.
842 1122 918 1189 Hist.
952 1120 1041 1208 §id
1058 1120 1111 1188 ⁷5.

498 1227 529 1295 3.
565 1225 697 1297 Adducis
718 1228 844 1296 ard-illos
867 1228 1069 1296 admonendos
1090 1231 1183 1296 'multa

610 1335 645 1422 a)
679 1360 718 1403 ex
739 1337 807 1404 Vet.
832 1332 914 1404 Test.
950 1334 1125 1423 §ts-91.

613 1442 645 1528 b)
679 1467 718 1512 ex
739 1444 816 1513 Nor.
840 1445 923 1511 Test.
959 1443 1157 1532 §tta-105.

613 1550 644 1636 c)
678 1576 717 1620 ex
739 1555 798 1620 ritu
822 1574 906 1619 sacro
941 1551 1160 1639 §tou-109.

500 1658 530 1727 4.
567 1658 725 1729 Conclusio
760 1659 869 1747 §11st
1237 1672 1240 1677 ’

264 1874 353 1961 ttaec
376 1874 493 1966 quidem
517 1878 640 1967 epistola
657 1898 834 1969 quamquam
850 1875 1040 1943 illustrandae
1055 1876 1241 1944 Britannicae
1257 1879 1424 1966 antiquitati
1439 1878 1505 1967 plu·

178 1985 286 2049 rimum
314 1986 450 2065 inservit,
479 2006 534 2052 nos
561 1999 673 2065 tamen,
704 2007 795 2075 quum
818 1988 872 2051 vix
901 1984 1062 2075 quidquam
1090 2008 1129 2052 ex
1158 1986 1221 2052 aliis
1247 1989 1286 2053 sit
1308 1986 1504 2074 scriptoribus
1610 1983 1613 1987 ’

180 2104 310 2158 sumtum
332 2094 389 2159 nisi
413 2115 451 2159 ex
473 2094 565 2161 literis
587 2097 694 2172 sacris,
718 2095 820 2182 paucis
843 2115 905 2159 earu
929 2092 1126 2185 absolvemus.

270 2198 313 2266 De
342 2202 472 2290 quinque
501 2223 577 2291 quos
601 2199 702 2270 Gildas
730 2204 879 2290 increpat,
907 2200 1093 2289 principibus
1116 2203 1170 2266 vix
1198 2200 1359 2291 quidquam
1387 2201 1425 2267 ad
1447 2225 1503 2268 nos

177 2310 323 2396 pervenit.
358 2308 529 2397 lguoramus
552 2312 629 2376 enim
644 2310 730 2399 plane
747 2308 783 2374 de
797 2309 922 2375 Aurelio
939 2307 1062 2376 Conano
1079 2306 1115 2374 de
1126 2308 1298 2397 Vortiperio
1315 2323 1345 2375 et
1360 2310 1501 2400 Cunegla.

180 2414 293 2481 Dubito
322 2414 442 2496 deinde,
472 2418 543 2507 quin
567 2416 781 2485 Constantinus
804 2416 987 2483 Damnoniae
1009 2438 1062 2482 rer
1085 2416 1163 2482 idem
1185 2415 1275 2483 iuerit
1297 2441 1331 2485 ac
1352 2419 1401 2485 ille
1424 2417 1504 2486 Con·

181 2526 329 2589 stautinus
358 2526 443 2611 cujus
478 2529 723 2593 »conversionem
751 2524 789 2591 ad
815 2524 996 2591 Dominum«
1024 2525 1155 2591 Annales
1179 2522 1298 2593 Cambr.
1322 2525 1360 2591 ad
1384 2549 1410 2593 a.
1427 2524 1501 2605 589,

183 2630 260 2697 Anu.
281 2630 461 2722 Tigeruachi
489 2632 528 2699 ad
549 2632 629 2713 588,
659 2634 758 2700 Ulton.
784 2633 823 2698 ad
845 2632 910 2699 587
934 2632 1073 2698 referunt.
1118 2631 1187 2698 Non
1214 2632 1310 2698 solum
1334 2636 1409 2700 enim
1431 2649 1504 2701 uota
1614 2626 1617 2630 ’

180 2738 237 2804 ista
267 2739 304 2806 ab
328 2738 572 2807 Hiberniensibus
594 2738 760 2804 Annalibus
789 2752 886 2805 sumta
915 2762 978 2805 esse
1001 2737 1134 2814 videtur,
1164 2739 1216 2803 sed
1244 2761 1340 2827 neque
1365 2744 1502 2828 tempori,

179 2866 241 2935 quo
256 2844 390 2936 Epistola
413 2848 523 2935 scripta
541 2859 589 2912 est
604 2842 694 2931 (547)
718 2850 878 2924 consentit,
903 2868 999 2935 neque
1014 2867 1174 2936 personae,
1199 2866 1289 2935 quum
1306 2845 1407 2914 Gildas
1423 2846 1504 2915 Con·

178 2956 341 3021 stantiuum
363 2966 399 3021 nt
421 2952 617 3021 Christianam
639 2954 809 3044 religionem
831 2954 1019 3043 profitentem
1042 2952 1235 3041 adloquatnr,
1258 2953 1382 3021 verbum
1406 2967 1503 3022 autem

182 3064 385 3129 conversionis
409 3084 447 3129 ex
467 3083 584 3151 pagano
608 3084 784 3153 quemquam
809 3061 1010 3130 Christianum
1032 3059 1141 3126 iactum
1164 3060 1316 3151 significet.

268 3168 465 3259 Maglocunus
488 3192 559 3235 vero
583 3191 636 3236 seu
653 3170 798 3249 Maileuu,
822 3170 1004 3265 venedotiae
1026 3192 1082 3235 rex
1104 3169 1240 3258 idemque
1261 3172 1399 3259 princeps
1416 3170 1503 3239 Cam·

178 3278 263 3345 briae
284 3277 456 3364 regulorum
477 3299 538 3344 non
561 3279 635 3344 alius
657 3301 727 3344 sane
750 3291 795 3345 est
818 3300 906 3367 qnam
921 3277 1050 3343 Mailcnn
1065 3278 1121 3343 iste
1137 3278 1223 3365 cujus
1237 3291 1361 3344 mortem
1377 3282 1406 3343 in
1422 3280 1500 3345 Anu.

179 3382 299 3452 Cambr.
325 3384 370 3451 bis
393 3398 525 3452 notatam
538 3385 636 3451 verbis
659 3388 824 3453 invenimus
842 3384 922 3453 ada.
939 3382 1004 3450 547
1021 3378 1111 3468 (Ano.
1129 3385 1197 3475 Tig.
1215 3381 1292 3471 550)
1314 3386 1502 3453 »Mortalitas

180 3514 287 3583 magna
308 3494 339 3558 iu
362 3513 420 3583 qua
442 3506 550 3583 pausat
571 3492 701 3559 Mailcun
723 3515 778 3560 rex
801 3492 1013 3560 Genedotiac.«
1060 3490 1154 3577 Quem
1177 3514 1268 3583 quum
1293 3492 1394 3560 Gildas
1418 3496 1501 3583 quasi

179 3613 363 3689 praesentem
384 3604 516 3690 increpet
535 3600 567 3666 in
581 3600 729 3689 Epistola,
753 3601 829 3667 hane
852 3614 921 3667 ante
942 3624 968 3668 a.
985 3598 1049 3667 547
1066 3622 1130 3665 esse
1145 3602 1299 3689 scriptam,
1322 3600 1391 3667 licet
1405 3603 1502 3689 suspi-

180 3710 251 3774 cari.
295 3707 375 3775 ldem
398 3707 484 3777 Gilda
512 3721 634 3775 auctore
664 3710 777 3776 »totius
804 3731 896 3799 paene
920 3707 1089 3774 Britanniae
1117 3710 1281 3796 magistro«
1309 3719 1501 3798 praeceptore

180 3837 254 3883 usus
276 3829 336 3895 est,
360 3838 447 3906 quem
467 3817 587 3885 litutum
610 3838 674 3884 esse
688 3816 824 3884 Usserius
847 3829 955 3884 censet.
990 3815 1029 3881 Bt
1050 3815 1136 3881 valde
1158 3815 1316 3882 dolendum
1340 3828 1385 3882 est
1405 3836 1501 3905 neque

179 3922 270 4012 hujus
292 3945 388 4014 neque
409 3926 497 3991 ullius
519 3924 681 3992 sacerdotis
695 3926 743 3993 vel
760 3926 892 4014 episcopi
907 3946 1014 3990 nomen
1031 3922 1146 3990 Gildam
1161 3926 1318 3991 memoriae
1333 3923 1500 4003 tradidisse,

181 4053 277 4121 neque
300 4033 437 4101 ecclesiae
452 4033 499 4099 vel
521 4034 698 4100 monasteria
721 4053 864 4124 quaenam
886 4030 996 4098 luemut
1019 4044 1048 4097 et
1067 4030 1137 4112 ubi,
1162 4030 1328 4098 denotasse.
1362 4031 1501 4097 Attamen

180 4138 343 4229 Bpistolam
372 4141 435 4230 ejus
462 4145 539 4210 inter
566 4141 693 4209 maxima
716 4141 901 4209 Britannicae
930 4142 1114 4228 antiquitatis
1136 4153 1325 4208 monumenta
1347 4161 1500 4208 numerare

181 4269 242 4315 nou
265 4246 381 4316 dubito.

269 4356 458 4425 Verissimum
485 4361 562 4426 enim
585 4358 734 4427 Celtarum
756 4360 850 4448 gentis
873 4358 1028 4449 imaginem
1052 4360 1207 4447 expressit
1245 4356 1337 4425 Vides
1358 4378 1500 4425 summam

182 4468 212 4533 in
227 4465 263 4533 iis
278 4468 514 4547 inconstantiam,
537 4468 693 4547 levitatem,
709 4470 910 4534 temeritatem.
944 4468 1086 4533 Homines
1100 4465 1242 4546 bellicosi,
1261 4467 1396 4546 audaces,
1412 4465 1500 4532 iidem

182 4577 282 4665 ignavi
305 4588 334 4644 et
354 4576 511 4642 luxuriosi.
550 4575 727 4642 Diuitiarum
748 4574 837 4641 modo
860 4574 1056 4664 cupidissimi,
1080 4575 1236 4665 largitores
1258 4575 1347 4642 modo
1370 4576 1498 4665 prodigi.

182 4682 221 4751 Ut
244 4696 324 4751 totos
346 4706 378 4751 se
396 4687 505 4752 sanctis
522 4681 700 4752 addicebant
715 4686 893 4762 cerimoniis,
918 4686 960 4749 ita
974 4681 1047 4749 nibil
1061 4683 1133 4749 alias
1147 4704 1203 4771 pro
1220 4696 1322 4750 saneto
1339 4682 1498 4750 habebant.

181 4788 275 4861 Erant
296 4792 468 4883 injuriarum
491 4794 652 4863 saevissimi
674 4794 801 4873 ultores,
824 4792 944 4885 perfidi,
968 4793 1095 4884 perjuri,
1119 4792 1262 4882 sacrilegi.
1298 4791 1381 4879 Quae
1403 4794 1499 4883 gentis
