3642 5309
266 315 315 393 tt
756 340 822 388 oar.
842 338 889 389 rx.
926 338 1101 391 ramosus.

270 495 406 563 obscura.
452 490 632 561 APatrieio
661 512 732 558 vero
761 492 926 582 Epistulam
953 512 1017 559 csse
1045 492 1201 581 scriptam,
1236 505 1297 561 tam
1323 509 1362 561 cx
1389 491 1479 561 titula
1506 492 1596 582 pleri·

270 626 328 694 quc
351 601 547 679 concludunt,
579 621 666 688 quatu
694 622 734 667 ex
756 600 836 680 aliis,
862 602 991 667 maxime
1019 600 1139 668 duobos
1161 604 1351 691 argumentis.
1398 602 1497 689 Qua·
1518 604 1597 667 enim

270 712 472 779 Romanorum
502 708 714 797 Gallorumque
745 706 983 777 Christianorum
1013 708 1214 788 cousuetudo,
1248 708 1410 778 redimendi
1438 709 1597 779 ainosis

272 823 434 907 ceterisque
461 816 601 907 gentibus
628 818 764 906 captivos
791 828 984 898 memoretur,
1023 820 1125 907 opinio
1153 831 1213 897 est,
1246 816 1277 885 id
1304 816 1343 884 ad
1370 816 1444 885 illud
1469 831 1596 909 tempus,

274 929 356 1019 quod
378 928 601 993 conversionem
624 946 726 991 cotum
750 923 817 992 420
839 928 1012 1004 antecessit,
1035 939 1178 1015 spectatu.
1217 925 1285 1012 Quo
1308 939 1483 1016 argumento
1507 948 1598 1016 (ιιιιιιο

272 1037 380 1103 Franci
407 1056 503 1123 neque
531 1046 598 1100 ante
626 1033 713 1099 finem
739 1032 769 1098 V
797 1034 907 1101 saeculi
936 1038 1073 1101 conversi
1101 1048 1214 1114 essem,
1248 1057 1345 1125 neque
1366 1034 1408 1101 Vl
1434 1035 1482 1101 vel
1503 1034 1555 1100 Vll
1581 1057 1600 1100 a

272 1146 398 1236 pristina
424 1142 577 1208 ferocitate
607 1138 830 1219 abscessissent,
867 1142 941 1209 nihil
968 1142 1197 1212 demonstratur.
1246 1143 1344 1211 Pluris
1372 1156 1432 1221 est,
1467 1142 1600 1231 quodV

273 1255 399 1319 maxime
421 1248 538 1317 saeculo
554 1248 660 1315 Franci
684 1272 749 1316 eum
766 1249 859 1317 Gadis
882 1251 1068 1319 etRomanis
1090 1251 1168 1319 balla
1189 1266 1353 1343 gesseruut.
1391 1250 1527 1317 Alterum
1541 1251 1601 1318 boc

274 1362 395 1429 affertur
424 1370 643 1448 argumentum,
675 1356 757 1447 quod
787 1372 894 1425 auctor
918 1357 1051 1427 Corotiei
1073 1360 1180 1428 milites
1209 1384 1290 1427 »uon
1312 1364 1392 1427 cives
1412 1382 1484 1427 suos
1505 1381 1602 1449 οοφιο

274 1474 352 1538 cives
374 1480 545 1535 sanctorum
566 1466 770 1533 Romanorum
793 1464 847 1534 sed
869 1466 1077 1535 Daemanums
1107 1468 1244 1557 appellat.
1281 1470 1325 1536 alt
1345 1492 1385 1537 ex
1412 1480 1602 1535 *munorum

272 1580 497 1645 Rornanorum«
526 1577 646 1641 nornine
669 1575 824 1664 epistolant
847 1574 951 1641 eodem
975 1578 1077 1665 patius
1099 1589 1249 1667 tempore,
1273 1600 1335 1668 quo
1357 1578 1489 1645 Historia
1502 1576 1602 1645 Briso·

273 1710 357 1768 uum,
383 1688 522 1774 scriptam
545 1705 624 1762 esse,
648 1682 885 1773 concludendum
908 1683 1006 1751 luerit

362 1792 423 1861 Sed
450 1794 571 1859 maximi
595 1794 735 1859 momenti
759 1804 805 1859 est
826 1790 917 1871 illud,
947 1792 1030 1882 quod
1051 1792 1128 1860 Picti
1151 1792 1297 1886 Scotiquc
1319 1808 1473 1885 apostatae
1493 1816 1603 1862 vomu·

274 1920 332 1973 tur.
367 1902 421 1969 llis
438 1899 612 1969 Columbam
635 1903 763 1989 primum
777 1899 972 1989 Evangelium
994 1900 1166 1990 praedicare
1188 1907 1337 1994 coepisse,
1360 1903 1417 1971 sub
1433 1904 1473 1971 Vl
1492 1902 1604 1971 msculi

272 2016 360 2081 linctu
383 2032 475 2100 quum
496 2012 641 2077 neminem
664 2008 791 2101 fugarit,
815 2008 981 2097 Epistulam
1005 2022 1075 2076 autc
1097 2010 1156 2077 bac
1177 2025 1295 2101 tempus
1309 2034 1371 2079 uon
1385 2014 1525 2102 scriptam
1539 2034 1604 2079 esse

273 2120 460 2189 manifestum
488 2132 542 2185 est.
588 2118 749 2203 Quaeritur
777 2116 845 2183 dein
868 2139 944 2206 quae
966 2122 1006 2185 ait
1034 2142 1130 2210 »gens
1152 2134 1271 2199 extera,
1302 2121 1397 2187 Deum
1423 2123 1603 2211 ignoraus«,

274 2233 322 2298 cui
345 2230 434 2295 sicuti
457 2224 556 2294 Sectis
579 2226 730 2315 Pictisque
754 2225 963 2293 Hiberuicuaes
985 2226 1099 2293 venditi
1120 2230 1201 2295 siuti
1224 2228 1380 2297 Suonum
1402 2241 1518 2318 gentem
1540 2250 1603 2295 mm

274 2362 341 2406 nou·
363 2359 442 2414 esse,
471 2336 536 2402 luce
566 2334 672 2400 clarius
696 2346 750 2401 cst.
797 2333 840 2401 At
861 2333 963 2401 Dauos
985 2334 1042 2402 sub
1068 2336 1131 2403 Vlll
1154 2338 1264 2403 sacculi
1285 2338 1372 2403 linem
1394 2336 1552 2403 Hiberniae
1572 2348 1603 2403 ct

273 2448 443 2513 Britanniae
473 2465 540 2509 oras
576 2444 735 2509 incussisse
769 2463 807 2507 ex
834 2442 1002 2510 Annalibus
1031 2446 1161 2533 antiquis
1190 2457 1237 2510 cst
1262 2458 1368 2511 notum
1396 2440 1495 2527 (coni.
1523 2445 1601 2511 Anu.

276 2553 395 2621 Cambr.
426 2550 465 2617 ad
492 2573 518 2616 a.
542 2547 629 2633 795).
676 2547 789 2615 Eodem
817 2561 951 2637 tempore
980 2550 1143 2631 Caratauc,
1171 2574 1227 2617 rex
1250 2550 1423 2619 Gueucdotc
1448 2555 1533 2619 vixit
1576 2552 1605 2617 ls

274 2683 346 2730 vero
369 2682 440 2727 num
465 2658 540 2724 idam
564 2660 604 2723 sit
626 2670 715 2748 atque
732 2655 853 2725 Corotic
876 2658 939 2737 illc,
965 2681 1000 2725 co
1023 2662 1117 2749 magis
1140 2658 1338 2726 dubitandum
1353 2673 1413 2738 est,
1437 2682 1529 2749 quum
1543 2681 1606 2726 non

274 2785 390 2840 tautum
412 2790 520 2836 nomen
543 2766 617 2832 illud
639 2768 863 2833 usitatissimum
884 2765 976 2833 suerit
996 2770 1027 2833 iu
1051 2765 1205 2846 cambria,
1229 2766 1283 2835 scd
1305 2780 1336 2835 et
1350 2766 1542 2835 Cambrcnacs
1563 2766 1607 2834 tx

278 2880 387 2948 saeculi
415 2879 532 2944 demum
561 2876 646 2941 initio
672 2874 868 2941 foeduscum
890 2873 982 2942 Daris
1006 2877 1107 2943 iniisse
1129 2876 1276 2943 videatur.
1321 2876 1399 2943 Huic
1420 2878 1513 2967 igitur
1531 2888 1616 2951 tcm·‚

157 3026 161 3040 ·
275 2992 344 3080 pori
367 2986 492 3077 epistola
515 2986 674 3061 convenit,
701 2980 855 3050 Confessio
880 2996 995 3063 autem,
1018 2986 1082 3050 sive
1104 2982 1143 3051 ab
1165 2984 1270 3050 codem
1292 2988 1355 3051 cive
1377 2985 1415 3052 ab
1438 2984 1496 3050 alio
1519 2984 1609 3058 fucrit

277 3101 403 3186 scripta,
438 3092 542 3159 eodem
570 3090 632 3157 lere
663 3104 795 3179 tempore
825 3094 1072 3178 conposita-est.
1119 3090 1271 3159 Simillima
1302 3106 1347 3159 cst
1374 3094 1452 3159 enim
1480 3105 1609 3180 utraque

278 3207 345 3273 stilo
370 3225 404 3270 aa
428 3222 577 3280 sermonen
601 3199 638 3266 in
664 3195 747 3265 locis
771 3195 850 3265 dein
872 3196 1126 3285 ac-Seriptura
1148 3220 1252 3267 samo
1274 3200 1436 3269 adductis
1458 3198 1610 3267 munima

280 3311 516 3381 consonantia.
562 3305 811 3401 In'Consessiona
842 3308 919 3372 enim
944 3302 1066 3374 15'1001
1095 3330 1135 3375 ex
1156 3308 1264 3376 Vetere
1286 3308 1369 3375 Test
1397 3310 1502 3386 sumti,
1532 3328 1610 3396 quo·

278 3446 345 3491 rum
367 3419 388 3488 6
412 3414 514 3505 (lesaj.
531 3415 589 3495 32,
605 3415 642 3497 43
665 3414 725 3493 49,
741 3413 772 3481 6.
801 3410 1008 3493 tar.16,19.
1039 3415 1092 3483 Ea.
1116 3414 1153 3495 9,
1177 3415 1199 3483 8
1228 3412 1339 3506 [Zepb.
1363 3416 1400 3495 3,
1423 3412 1485 3497 Ed]
1514 3415 1607 3481 Pron.

281 3531 337 3609 15,
362 3527 421 3607 203
450 3526 645 3593 Ecclesiastic.
671 3523 708 3601 4,
733 3519 789 3605 29)
817 3546 883 3590 cum
908 3524 1007 3603 LXX,
1032 3524 1053 3592 3
1076 3546 1142 3591 cum
1163 3525 1250 3603 itala,
1280 3524 1391 3592 baum
1412 3523 1484 3591 ltala
1505 3520 1611 3589 iidem·
1636 3534 1640 3538 ’

280 3662 339 3732 quc
361 3658 427 3704 cum
444 3634 574 3722 Vulgata
598 3643 775 3721 congruunt.
814 3632 847 3697 ln
862 3632 997 3720 Epistola
1016 3646 1114 3699 sutem
1129 3632 1152 3700 8
1167 3634 1224 3699 loci
1241 3632 1277 3699 V.
1293 3633 1332 3699 T.
1347 3630 1510 3699 meandum
1525 3630 1610 3699 txx

281 3762 311 3816 et
331 3747 432 3814 Italam
461 3754 530 3807 suut
560 3739 691 3807 adducti.
736 3739 815 3807 Novi
837 3762 909 3807 vero
933 3740 1016 3807 Tcst
1039 3742 1098 3807 loci
1124 3754 1184 3807 um
1210 3743 1241 3805 in
1265 3738 1352 3807 cont.
1376 3734 1444 3823 (l'i)
1468 3760 1556 3830 quam
1577 3743 1608 3805 ’ur

281 3859 376 3946 Epist.
400 3850 523 3941 (pariter
545 3846 597 3931 tt)
622 3870 687 3915 cum
702 3848 833 3938 Vulgata
855 3849 916 3915 sere
939 3852 1108 3916 concinunt.
1151 3849 1242 3915 Errat
1261 3850 1354 3938 igitur
1373 3860 1433 3913 tam
1450 3846 1608 3926 Waraeus,

283 3969 335 4056 qni
358 3964 441 4029 locas
466 3978 568 4025 omncs
591 3979 629 4023 cx
644 3957 744 4033 Lxx,
769 3978 857 4045 ιῑιιοιο
874 3955 1006 4036 Oeonor,
1032 3960 1083 4046 qui
1106 3978 1145 4023 ex
1158 3957 1288 4046 Vulgata
1305 3968 1418 4023 sumtus
1433 3976 1497 4021 esse
1511 3967 1607 4042 putat

283 4074 363 4141 Noui
383 4091 455 4136 vero
478 4067 587 4134 saeculi
609 4066 695 4131 initio
711 4063 820 4131 Scotos
837 4065 922 4131 LXX
936 4078 966 4131 ct
979 4065 1111 4153 Vulgata
1126 4064 1163 4132 N.
1180 4064 1218 4130 Τ.
1242 4085 1314 4130 οοοο
1336 4086 1415 4142 esse,
1439 4085 1477 4129 ex
1493 4063 1608 4130 Claudii

286 4196 315 4249 et
343 4178 457 4248 Sedulii
486 4178 604 4265 scriptis
633 4176 750 4239 scimus.
797 4176 839 4240 alt
867 4193 959 4263 quum
981 4171 1185 4240 Confessionis
1212 4172 1261 4238 vel
1281 4170 1431 4260 Epistulae
1459 4184 1610 4239 auctorem

285 4290 519 4358 indoctissimum
543 4306 581 4351 cx
604 4282 689 4349 txx
709 4282 792 4347 locos
816 4282 906 4349 latine
928 4284 1052 4348 vertisse
1073 4284 1128 4347 vix
1149 4282 1306 4371 quisquam
1329 4279 1501 4358 crediderit,
1528 4281 1609 4347 illum

285 4402 421 4469 versione
443 4396 548 4471 latina,
573 4390 704 4459 aScotis
727 4412 798 4456 sane
819 4392 907 4478 ipsis,
932 4392 1002 4479 quia
1025 4388 1124 4456 dillert
1144 4391 1314 4477 saepissime
1337 4389 1505 4476 areliquis‚
1529 4410 1609 4455 com·

286 4512 385 4601 posita
412 4526 498 4571 usum
526 4500 616 4568 luisse
646 4497 859 4567 concludimus.
905 4497 980 4564 lllud
1002 4498 1129 4588 denique
1151 4500 1259 4564 nemini
1281 4517 1342 4562 uon
1363 4495 1506 4573 elucebit,
1537 4499 1611 4563 scri·

288 4616 378 4685 bendi
400 4634 506 4706 genere
528 4609 636 4688 libros,
661 4607 696 4675 de
719 4607 829 4697 quibus
852 4610 987 4696 plautio
1010 4619 1070 4686 est,
1093 4615 1147 4672 aut
1167 4619 1324 4694 antequam
1340 4604 1497 4670 llorueriut
1511 4606 1542 4669 iu
1557 4605 1611 4671 tat-

289 4724 393 4792 bernia
421 4723 521 4788 literas
551 4731 603 4785 aut
628 4728 700 4807 post
722 4738 785 4783 esso
807 4718 943 4804 scriptos.
988 4716 1031 4782 At
1053 4736 1145 4803 quam
1167 4713 1301 4803 Epistola
1323 4712 1363 4777 ad
1385 4709 1455 4779 Cor.
1479 4724 1547 4779 ante
1569 4713 1610 4781 Vl

289 4832 396 4901 sacculi
427 4830 514 4899 duem
547 4828 659 4919 scripta
690 4847 753 4894 nou
779 4824 869 4896 luent
897 4819 993 4907 (conl.
1020 4817 1147 4915 supra),
1182 4818 1370 4891 attribuenda
1398 4822 1454 4891 usit
1480 4819 1522 4891 IX
1549 4820 1609 4893 lete
