3642 5309
285 330 333 407 76
769 358 835 407 car.
855 358 900 406 rx.
937 358 1110 410 remissus.

281 508 442 598 Eidemque
464 530 534 574 sans
556 510 672 575 sacculo
695 510 823 599 hymnus
846 512 901 576 istc
916 508 1073 577 Robunsis
1094 510 1307 579 adsmibendns
1321 525 1375 579 est
1409 508 1469 579 As
1481 510 1600 583 Bodas

282 608 389 707 ipitius
418 624 569 703 ternpore
597 638 665 683 non
693 627 805 684 tomen
835 614 939 683 ultius
960 616 1111 687 Patricia·
1136 618 1313 687 Memmia
1338 618 1421 687 licet
1440 630 1598 707 repetere.

283 726 495 794 Gravissimum
510 746 581 791 vero
605 723 761 791 estBedae
785 738 814 791 et
828 724 1002 813 Hyiensium
1024 728 1180 793 silentium.
1219 729 1365 795 Patricius
1387 730 1463 795 enim
1485 732 1511 794 si
1531 730 1599 797 ntis

283 858 317 901 ac
339 847 439 902 uncus
463 835 508 899 vir
531 835 659 910 exstitit,
684 854 738 899 cur
759 854 796 899 ne
818 831 910 898 verbo
933 833 1052 923 quidem
1074 838 1138 923 ejus
1152 834 1233 902 Beda
1248 840 1425 902 mentionem
1440 836 1524 915 iecit,
1546 840 1599 927 qui

281 964 341 1010 non
364 942 459 1007 solum
481 963 578 1007 rerum
600 940 824 1007 Hibernicsrum
847 941 928 1007 haud
950 945 1071 1033 ignarus
1093 942 1165 1021 suit,
1188 943 1241 1009 sed
1263 957 1293 1009 ct
1313 942 1476 1011 Psiiadium
1498 946 1599 1012 retudit

281 1054 407 1140 primum
430 1048 527 1115 Scotis
551 1048 733 1137 evangelium
756 1046 964 1135 praedicasse?
991 1049 1054 1116 Sed
1075 1052 1170 1137 majus
1192 1063 1238 1117 est
1259 1050 1419 1117 Scotorum
1440 1053 1596 1120 silentium.

280 1161 312 1225 ln
334 1156 450 1247 synodo
474 1180 500 1223 a.
524 1153 590 1223 664
618 1155 719 1221 habita
746 1155 863 1222 cosdem
887 1161 939 1246 qui
960 1161 1035 1223 tsnti
1057 1156 1190 1223 iecerunt
1211 1161 1361 1225 seniorum
1382 1134 1598 1239 aucensium,

281 1270 347 1356 quis
369 1266 483 1331 silentio
507 1266 719 1352 praeterituros
742 1262 831 1330 iubae
854 1268 1048 1354 praecipuum
1069 1266 1239 1354 apostolom
1253 1267 1423 1355 putaverit?
1451 1268 1600 1335 Adrmnr·

280 1398 336 1441 nus
359 1396 425 1439 cum
448 1375 604 1461 ignoravit.
641 1372 685 1438 At
707 1374 758 1461 qui
780 1372 883 1439 salsam
898 1372 986 1439 Vitae
1005 1372 1216 1461 praefationem
1240 1378 1429 1463 praeposuit,
1452 1398 1518 1443 eurr
1538 1398 1601 1443 non

281 1504 343 1549 essc
371 1478 565 1547 omittendum
587 1482 715 1568 putavit.
762 1480 820 1564 Qui
843 1478 910 1547 dein
933 1480 1036 1547 Porsei
1060 1482 1159 1547 Vitem
1181 1484 1323 1547 suonice
1345 1484 1449 1561 vertit,
1479 1483 1600 1553 Petricii

280 1612 387 1658 nomeu
411 1587 511 1655 deesse
534 1610 621 1677 aegre
643 1587 738 1653 serens
760 1586 834 1652 illud
855 1590 988 1655 inseruit
1023 1588 1063 1655 Et
1084 1588 1166 1655 hond
1186 1591 1250 1654 scio
1273 1610 1310 1653 sn
1331 1590 1363 1655 in
1379 1588 1515 1656 Cumisni
1537 1596 1600 1681 epi·

279 1700 356 1765 stola
375 1696 417 1763 Xl
437 1696 554 1763 sacculo
577 1696 714 1762 librarius
737 1695 897 1762 Patricium
920 1699 956 1763 iis
977 1696 1161 1784 adjunxerit,
1187 1718 1263 1785 quos
1276 1694 1440 1763 Romanum
1454 1699 1598 1765 Psscbarn

280 1806 441 1875 celebrasse
465 1802 625 1871 Gumisnus
647 1803 755 1869 retulit.
794 1802 897 1893 Neque
919 1806 998 1871 udus
1021 1826 1060 1871 ex
1082 1806 1148 1870 istis
1170 1802 1330 1871 Scotorum
1352 1808 1464 1893 poetis,
1489 1808 1599 1896 quivi

280 1929 310 1982 et
324 1914 376 1980 Vss
389 1913 505 1979 sacculo
528 1912 707 1991 floruerunt,
730 1912 891 1978 Patricium
914 1914 1053 1979 cecinisse
1074 1910 1208 1989 videtur,
1233 1933 1326 2000 quum
1348 1913 1397 1977 eiii
1420 1912 1481 1981 scre
1502 1916 1599 2004 ignoti

280 2024 426 2112 episcopi,
457 2024 507 2109 qui
530 2020 654 2097 suerint,
679 2040 811 2109 quosque
836 2020 1023 2087 condiderint
1043 2020 1196 2096 ecclesias,
1220 2018 1400 2088 carminibus
1421 2020 1459 2087 sb
1481 2022 1538 2089 iilis
1559 2027 1600 2089 sit

279 2129 439 2219 proditum.
486 2127 654 2195 Carminum
682 2151 768 2207 vero,
800 2150 874 2217 quae
903 2129 945 2195 xt
967 2128 1084 2195 merulo
1108 2128 1275 2217 Tigcrnscb
1303 2128 1445 2207 adduxit,
1474 2130 1598 2197 altorem

280 2241 396 2306 nonnisi
419 2235 643 2303 adscribebrtur
659 2248 730 2302 tunc
746 2240 884 2325 temporis
899 2237 1046 2314 Patricio,
1071 2236 1194 2302 alterum
1209 2234 1287 2301 visis
1300 2233 1332 2302 X
1345 2236 1463 2302 noculo
1478 2260 1600 2326 compo·

279 2351 343 2414 sitis
364 2350 419 2411 niti
439 2344 566 2412 videtur.
602 2344 645 2410 Sc
667 2346 743 2410 enim
765 2358 940 2433 tempestate
961 2346 1054 2411 multa
1077 2341 1114 2409 de
1128 2344 1257 2409 Patricio
1280 2356 1341 2410 tom
1357 2343 1435 2411 [ιιιιι
1448 2346 1597 2433 perhiberi

280 2476 367 2545 quam
390 2452 567 2519 carminibus
589 2452 667 2519 trrdi
690 2465 796 2539 coepta
817 2466 888 2517 sunt
910 2448 1001 2535 (conf.
1024 2451 1131 2519 Annei
1154 2450 1196 2515 tv
1213 2446 1316 2539 disp).

368 2562 416 2627 Ab
440 2561 486 2627 his
509 2581 579 2625 vcro
604 2562 699 2627 causis
717 2561 779 2647 jam
802 2560 874 2625 satis
898 2562 1042 2648 expositis
1063 2558 1137 2624 hoec
1158 2560 1325 2624 necessario
1346 2559 1498 2627 conclusio
1513 2560 1598 2628 duci·

280 2684 338 2748 tur,
361 2678 423 2737 emt
445 2667 600 2735 obrutam
617 2668 727 2754 sur'sse
748 2664 916 2734 obliviorio
936 2666 1026 2735 tanti
1038 2666 1108 2734 oiri
1119 2666 1312 2733 marotiam
1326 2664 1474 2735 socculis
1488 2668 1600 2756 ipsiu

280 2778 388 2845 cecata·
402 2776 573 2862 proximis
595 2786 630 2843 et
646 2772 744 2843 Vm·
764 2776 892 2859 mum
913 2774 1114 2843 rmsmcitori
1133 2782 1299 2860 coeptcor,
1322 2775 1509 2861 outfictmrr
1522 2797 1599 2845 erse

279 2884 432 2952 Patricii
449 2903 642 2970 porronoor.
675 2883 737 2951 Nec
758 2884 881 2950 multum
904 2884 1007 2963 refert,
1031 2906 1103 2949 num
1123 2884 1297 2949 iinesmente
1315 2882 1394 2949 itum
1407 2888 1596 2963 narrationis,

280 3015 355 3082 quse
368 2992 411 3057 IX
425 2992 542 3058 saeculo
566 2990 739 3058 adumbrata
762 3004 821 3069 est,
845 3012 883 3057 cx
905 3013 977 3057 vera
998 2994 1059 3057 sint
1078 2991 1203 3056 historia
1224 3005 1336 3068 sumto,
1359 3013 1451 3081 quum
1468 2993 1596 3061 hominis

279 3102 347 3167 licet
370 3098 560 3166 addictissimi
581 3098 718 3187 religioni
741 3098 930 3176 christianae,
954 3097 1029 3165 edco
1052 3110 1150 3164 menen
1173 3097 1285 3165 indocti
1306 3102 1474 3188 expriment
1494 3103 1598 3192 imagi·

280 3230 361 3286 nem,
392 3219 426 3272 ut
453 3206 602 3272 literarum
625 3203 784 3273 Scotorum
813 3228 848 3273 cc
876 3204 1028 3273 doctrines
1052 3205 1234 3274 conditorem
1256 3207 1344 3297 iongc
1365 3209 1454 3277 adum
1476 3212 1599 3279 circurn-

280 3318 393 3405 spiccre
415 3334 534 3380 neccsse
556 3316 609 3399 sit,

369 3423 488 3489 Patrisii
510 3444 581 3488 vero
604 3423 667 3488 vitu
689 3423 714 3487 si
730 3421 799 3489 fian
813 3435 873 3503 est,
896 3423 956 3489 hoc
970 3435 1022 3489 sut
1037 3426 1079 3490 ite
1092 3426 1192 3511 potuit
1204 3424 1282 3503 fieri,
1306 3436 1343 3491 ιιι
1363 3426 1406 3502 ei,
1430 3428 1482 3514 qui
1503 3448 1598 3517 usque

280 3531 318 3599 ad
342 3532 405 3596 vttl
426 3531 574 3597 sacculum
603 3531 715 3619 primus
743 3531 862 3598 habitus
890 3544 936 3599 est
956 3530 1116 3599 Scotorum
1143 3534 1318 3621 episcopus,
1347 3534 1470 3600 Patricii
1490 3555 1598 3603 nomen

280 3639 413 3707 additum
440 3642 492 3719 sit,
524 3652 575 3706 eut
603 3660 731 3727 persone
758 3642 823 3728 ipen
845 3640 910 3707 Vlss
937 3640 1054 3706 saeculo
1083 3643 1125 3705 sit
1150 3643 1329 3730 excogitate.
1375 3640 1452 3707 Huic
1479 3642 1597 3731 quidem

280 3750 441 3816 sententiae
469 3745 543 3813 iliud
570 3746 664 3825 iavet,
695 3746 777 3836 quod
806 3747 842 3814 de
869 3749 935 3815 aliis
956 3748 1028 3814 riiss
1049 3748 1125 3815 fictis
1146 3748 1190 3815 lX
1210 3749 1328 3815 saeculo
1350 3752 1485 3837 petronis
1506 3772 1597 3838 supra

281 3856 424 3933 diximus,
455 3854 507 3921 sed
536 3855 649 3934 obstet,
679 3855 761 3944 quod
789 3878 823 3922 cs
851 3868 1025 3944 tempestate
1046 3878 1107 3945 qus
1128 3858 1255 3944 primum
1277 3856 1398 3923 Potricii
1418 3877 1598 3924 nomenmo-

281 3968 388 4039 currit,
419 3963 519 4030 literae
547 3961 627 4052 spud
649 3961 757 4029 Scotos
784 3964 959 4031 deruerunt
1005 3965 1054 4030 An
1082 3962 1114 4029 id
1141 3966 1223 4051 ejus,
1252 3967 1304 4053 qni
1331 3964 1595 4034 1Xicrcsreouio

281 4073 400 4139 Patricii
428 4070 640 4137 confessionem
668 4074 799 4160 scripsit,
835 4071 892 4137 suit
921 4072 1090 4149 consilium,
1127 4084 1163 4137 ιιι
1192 4070 1394 4139 Ronanomm
1426 4076 1596 4141 suctoritsti

289 4180 465 4269 »peculiaris
487 4176 646 4246 Scotorum
669 4180 843 4269 spostolus·
873 4180 1094 4269 opponeretur?

369 4286 425 4354 Sin
447 4286 578 4354 additum
602 4301 647 4355 est
669 4289 727 4355 hoc
748 4310 855 4354 nomen
878 4291 920 4368 ei,
949 4292 1000 4378 qui
1023 4290 1185 4378 sndqnitns
1207 4290 1319 4377 prinus
1341 4286 1502 4357 Scotorum
1522 4312 1597 4379 spo·

281 4396 375 4462 stolus
404 4395 641 4475 existimabitur,
670 4398 830 4464 Patricium
858 4419 920 4463 non
946 4397 1036 4462 alium
1062 4394 1153 4463 inisse
1181 4400 1332 4485 sequitur,
1363 4419 1396 4464 ac
1423 4398 1593 4467 Psilsdium.

283 4505 326 4570 Dc
349 4505 406 4570 hoc
428 4506 504 4569 enim
527 4502 656 4593 Prosper
677 4508 708 4570 in
732 4504 879 4573 Chronico
902 4506 975 4571 bace
996 4504 1100 4573 reiertc

380 4614 437 4678 ut.
454 4611 490 4677 D.
507 4610 565 4677 luc.
582 4608 647 4679 423
671 4612 859 4680 Theodosius
877 4614 1071 4700 junior
1096 4614 1180 4701 cujus
1202 4634 1281 4680 nuno
1305 4613 1367 4681 Vll!
1386 4614 1535 4682 Palladius
1557 4616 1596 4683 ad

284 4718 392 4787 Scotos
414 4721 445 4784 iu
461 4718 611 4787 Christum
634 4721 784 4792 crcdeutcs
806 4744 824 4789 a
844 4722 985 4815 pontifice
997 4721 1147 4795 Romrm
1170 4721 1307 4793 ecclcsise
1322 4722 1469 4791 celestino
1483 4726 1595 4815 primns

282 4830 408 4899 mittitur
429 4830 616 4921 episcopus·
