3642 5309
670 371 736 417 crr.
757 372 776 417 r.
812 370 932 419 ennrs.
1467 344 1510 417 11

194 518 498 587 novantecclesiasacl
513 520 713 610 solumusqne
725 520 776 589 ele·
829 528 897 588 tiam
919 535 1007 613 atque
1023 522 1233 589 exultationem
1249 520 1305 588 Dei
1319 520 1448 589 ecclesiis
1463 542 1517 587 ex·

193 640 336 707 structas,
360 627 497 696 basilicas
515 642 684 695 sanctorum
699 652 776 696 mar·
828 631 981 699 bibebant.

192 750 294 825 tyrum
316 735 457 814 fundant,
487 750 679 816 construunt,
708 760 776 827 per·
872 738 939 819 IX,
962 736 1015 804 10.
1051 740 1155 827 populi
1277 752 1418 829 tanquam
1446 760 1515 805 vere

193 844 307 923 heinnt,
323 840 358 910 ac'
369 845 452 910 velnt
461 846 594 911 victricia
608 849 693 935 signa
707 868 776 933 pas·
829 846 960 913 membra
979 849 1068 912 unius
1083 850 1217 935 corporis
1234 845 1345 914 Christi
1356 850 1444 936 jungi
1458 848 1515 914 sihi

193 956 248 1019 sim
259 952 433 1041 propalant,
451 952 513 1019 dies
524 952 616 1019 festos
628 952 776 1021 celebrant
829 954 954 1021 invicem
978 1002 1051 1022 ....
1074 953 1253 1045 gandebant.

193 1072 376 1127 sacramenta
402 1059 515 1126 mondo
547 1061 636 1127 corde
665 1082 776 1150 oreque

195 1168 364 1246 conficiunt,
378 1190 478 1234 omncs
491 1168 625 1235 exultant
635 1167 697 1248 filii,
710 1192 777 1257 gre·

194 1277 254 1343 mio
277 1296 313 1341 ac
334 1278 361 1341 si
383 1274 522 1343 ecclesiae
536 1279 637 1342 matris
653 1276 775 1342 conloti.

194 1386 305 1452 Mansit
327 1384 400 1452 haec
415 1388 519 1473 capitis
534 1384 777 1471 membornmquc

195 1495 388 1559 consonantia
408 1489 509 1559 snivis
528 1491 622 1559 donec
640 1488 779 1558 Ariorro

190 1596 342 1687 perfidio
363 1613 394 1667 ct
415 1613 470 1667 ret.

282 1705 338 1773 Ab
360 1706 508 1775 Eusebio
529 1707 636 1797 iqitur
655 1704 778 1778 Gttuos
801 1718 974 1775 maurotus
996 1716 1066 1790 cst,
1091 1727 1307 1796 quoacunque
1329 1712 1361 1777 ci
1382 1710 1432 1777 od
1453 1710 1516 1778 od·

197 1814 418 1882 ambruodom
445 1813 671 1883 Britannicae
698 1815 863 1884 ecclesiae
890 1815 1068 1883 historiam
1096 1815 1316 1903 quadrarent.
1363 1820 1404 1885 At
1431 1822 1519 1886 nimis

196 1936 331 1991 accurate
343 1922 466 1991 Euschii
488 1928 686 1991 narrationem
707 1927 903 2013 transcripsit.
936 1923 1056 2014 Pugnet
1074 1927 1152 1989 enim
1165 1937 1225 1989 tanr
1241 1925 1322 2014 quod
1337 1924 1376 1991 ad
1390 1940 1517 2017 ternpus,

197 2055 283 2123 quarn
306 2031 389 2121 quob
411 2032 449 2098 ad
471 2054 533 2099 rem
555 2046 670 2121 spectat
691 2055 758 2100 cum
773 2054 844 2099 vera
866 2034 1000 2099 historia.
1033 2030 1272 2099 Persecutionem
1293 2038 1369 2099 enim
1386 2038 1472 2101 istam
1487 2041 1518 2102 in

197 2142 367 2209 occidentali
391 2144 475 2231 regni
495 2154 581 2229 parte
603 2138 713 2224 (ltalia,
736 2140 852 2219 Sicilia,
876 2138 971 2206 Galba
993 2152 1024 2206 ot
1038 2136 1109 2221 cet)
1129 2138 1260 2206 amando
1284 2164 1362 2208 anno
1384 2141 1517 2209 nondum

197 2251 315 2339 impleto
330 2271 459 2315 cessasse
474 2248 583 2317 Enseh.
601 2247 637 2315 de
651 2249 777 2339 Martyr.
793 2248 918 2316 Palaest.
935 2272 960 2314 c.
976 2247 1042 2313 Xlll
1055 2245 1161 2327 relcrt3
1177 2248 1403 2316 Constantinum
1419 2265 1517 2318 antem

196 2358 371 2425 Christianis
397 2359 456 2446 ipsi
478 2356 605 2424 subditis
629 2379 741 2424 comem
763 2380 795 2423 se
817 2371 906 2446 atquc
928 2359 1054 2422 amicum
1075 2356 1264 2444 praebuisse,
1293 2380 1330 2424 ex
1352 2358 1424 2426 Eos.
1446 2360 1517 2425 Vita

197 2464 299 2539 Const.
322 2466 351 2543 l,
377 2463 418 2532 13
441 2478 471 2531 et
492 2464 529 2531 Η.
541 2465 575 2533 Ε.
599 2464 677 2545 Vlll,
703 2464 744 2532 13
767 2469 839 2532 satis
862 2478 987 2532 constat.

288 2571 404 2639 Omnis
426 2574 534 2661 iqt'tur
552 2573 724 2660 pristinae
745 2572 909 2641 ecclcsiae
930 2574 1091 2641 memorio
1108 2574 1205 2661 opud
1217 2572 1379 2641 britones
1393 2574 1519 2642 obruto

193 2681 320 2767 suisset
342 2678 527 2759 oblivione,
552 2681 620 2747 nisi
640 2678 770 2747 Albani
791 2691 893 2768 atquc
914 2680 1003 2747 Jub'i
1023 2690 1059 2748 ct
1079 2678 1231 2747 Aoroois
1253 2692 1442 2767 martyrum
1463 2682 1523 2748 ool

196 2789 232 2856 irc
259 2787 366 2855 tontis
396 2787 542 2854 tenebris
561 2788 661 2873 soom
684 2796 858 2873 superstas
877 2787 1007 2872 fuisset
1027 2786 1058 2873 (§
1076 2786 1127 2855 10.
1146 2788 1196 2852 11.
1213 2786 1299 2869 Vlll).
1344 2789 1377 2852 ld
1398 2810 1521 2877 qnoque

195 2900 295 2985 magni
317 2898 456 2962 momenti
479 2908 525 2961 est
547 2894 628 2985 quod
651 2895 717 2962 illos
732 2894 906 2973 verolamii,
931 2896 1091 2982 municipio
1113 2893 1249 2959 Romano
1272 2907 1302 2959 ct
1322 2898 1353 2959 in
1369 2894 1448 2961 Urhe
1464 2896 1520 2961 he·

195 3008 319 3095 gionurn
341 3004 487 3093 supplicio
511 3026 574 3070 esse
597 3003 716 3071 allectos
739 3003 922 3093 perhibetur.
953 3002 1039 3071 Unde
1062 3005 1207 3090 suspicari
1229 3003 1311 3083 licet,
1336 3002 1447 3091 oppida
1462 3006 1519 3070 ista

195 3110 375 3179 incunabula
397 3114 482 3201 quasi
503 3110 572 3177 fidei
595 3112 771 3178 christianae
794 3112 895 3179 luisse.

285 3220 426 3287 Arianatn
448 3220 579 3307 aliasque
600 3220 736 3285 haereses
759 3218 861 3286 Gildas
881 3220 989 3285 leviter
1008 3220 1108 3306 tetigit
1130 3212 1229 3304 (512.
1247 3214 1311 3300 tx).

249 3326 421 3395 =...donee
431 3324 542 3393 Ariana
553 3325 677 3415 perfidia
690 3341 778 3394 atrox
873 3322 957 3391 Eur.
976 3322 1025 3401 X,
1049 3323 1078 3389 1.
1117 3322 1333 3412 contagionem
1358 3326 1447 3391 relert
1469 3350 1521 3413 pe-

197 3458 251 3503 ceu
275 3439 379 3525 anguis
394 3437 589 3523 transmarina
604 3432 692 3499 nobis
708 3456 778 3499 evo·
831 3433 950 3499 stilerae
978 3434 1148 3498 assertionis
1177 3433 1313 3499 iniecisse
1340 3455 1402 3498 non
1424 3436 1520 3500 solum

198 3566 279 3609 mens
300 3564 413 3609 venena
435 3542 541 3607 fratres
562 3543 593 3607 in
616 3564 708 3607 unum
725 3542 778 3608 ba·
831 3538 1043 3607 Alexandriam
1065 3540 1118 3607 scd
1141 3552 1171 3607 ct
1192 3541 1263 3606 alias
1285 3541 1376 3607 urbes
1399 3555 1429 3609 et
1449 3565 1521 3630 pro·

197 3652 325 3718 hitantes
349 3648 498 3716 exitiabile
520 3650 630 3716 laceret
647 3650 777 3739 sejungi3
830 3650 953 3715 vineias.

197 3784 232 3825 ac
262 3762 305 3825 sie
332 3761 417 3848 quasi
440 3761 489 3823 via
514 3756 592 3824 [acta
620 3772 703 3823 trans
731 3778 873 3824 oceanum
898 3778 1000 3822 omnes
1026 3759 1146 3821 omnino
1172 3756 1285 3823 hestiae
1310 3756 1391 3823 ferae
1416 3762 1519 3824 morti·

197 3867 292 3933 lcrurn
321 3865 479 3953 cujuslibet
506 3865 656 3932 haeresios
678 3868 761 3931 virus
783 3864 907 3931 horrido
932 3885 985 3929 ore
1006 3863 1157 3931 vibrantes
1179 3864 1277 3930 letalia
1300 3862 1432 3931 dentium
1454 3868 1538 3932 rol·⁴

197 3998 268 4041 nera
295 3976 410 4063 patriae
435 3976 507 4039 novi
528 3994 643 4062 semper
665 3972 777 4064 aliquid
799 3970 901 4040 audire
923 3972 1036 4039 volenti
1058 3986 1089 4039 ct
1109 3972 1182 4038 nihil
1205 3976 1277 4039 certi
1299 3972 1445 4040 stabiliter
1466 3972 1521 4039 oh-

197 4087 301 4151 tinenti
324 4081 518 4172 infigebant«

287 4190 402 4258 Gildam
416 4190 463 4257 his
477 4189 577 4258 verbis
594 4188 632 4256 ael
642 4189 828 4280 Pehgianam
844 4211 966 4279 qnoque
980 4190 1115 4256 haeresin
1129 4192 1296 4277 respexisse
1309 4211 1396 4257 nerno
1411 4191 1520 4257 infitias

198 4299 262 4366 ibit.
307 4299 350 4364 At
371 4322 426 4365 suo
449 4321 531 4365 rnore
553 4322 641 4365 unam
665 4298 795 4386 ejusdem
818 4300 934 4387 generis
956 4300 1103 4385 picturam
1127 4296 1287 4365 delineasse
1309 4302 1381 4365 satis
1404 4298 1519 4365 babuit.

199 4410 310 4473 Ariana
332 4419 428 4472 antem
450 4407 579 4473 haeresis
601 4426 661 4471 non
685 4418 752 4473 ante
775 4426 883 4471 annum
907 4400 988 4483 363,
1013 4428 1073 4495 quo
1096 4406 1277 4473 Athanasius
1300 4407 1340 4472 ad
1361 4406 1519 4472 bovianum

198 4516 382 4581 Britannicas
406 4515 541 4580 ecclesias
563 4517 707 4581 immunes
730 4537 793 4581 esso
815 4516 950 4602 scripsit,
972 4512 1094 4580 indocta
1116 4518 1148 4580 in
1162 4514 1344 4581 britanniam
1360 4536 1423 4579 csse
1438 4514 1521 4581 vide·

199 4636 256 4689 tur.
294 4622 362 4690 Non
385 4636 481 4689 tarnen
503 4621 597 4688 molto
620 4636 691 4711 post
713 4644 804 4712 quum
828 4634 896 4688 ante
917 4622 1043 4689 Maximi
1064 4644 1112 4688 res
1134 4634 1234 4712 gestas
1255 4626 1312 4688 ista
1335 4622 1426 4688 relata
1449 4625 1518 4689 sint.

287 4729 336 4797 Ab
358 4729 418 4797 hoc
438 4752 509 4797 vero
531 4742 664 4818 tempore
686 4731 759 4797 nihil
781 4730 842 4797 lere
864 4729 946 4820 quob
968 4730 1008 4796 ad
1029 4730 1254 4797 ecclesiasticam
1275 4729 1430 4796 historiam
1452 4753 1520 4818 per·

198 4842 305 4921 tineat,
329 4841 468 4909 occurrit.
501 4837 563 4911 Nec
585 4842 690 4910 mirum
713 4861 804 4935 quum
827 4837 966 4909 hostibus
986 4840 1113 4909 imolam
1126 4836 1315 4909 ineuntibus
1330 4851 1360 4906 ct
1373 4842 1520 4930 perversis
