3642 5309
354 312 407 393 56
816 338 884 387 car.
903 338 972 387 vm.
1011 334 1138 386 aurun.
1157 337 1227 387 non.

356 490 469 563 orando
494 502 524 559 et
538 487 695 579 Scriptura
718 486 843 579 legenda
866 489 1015 556 cclcbrarc
1037 511 1149 555 morem
1173 490 1266 557 fuisso
1281 493 1355 558 'sctis
1369 477 1497 559 cursitat.
1531 489 1692 560 Caesarius

355 602 460 671 delude
482 601 593 669 Arelat.
618 596 672 681 (Vl
686 592 778 681 sace.)
809 609 865 663 »ut
888 599 1023 688 quotidie
1046 599 1091 679 lll,
1109 598 1158 678 Vl,
1180 598 1245 665 lX’
1258 620 1335 689 opus
1358 623 1425 667 curn
1447 601 1567 691 hymnis
1588 614 1694 669 canta·
1801 613 1802 632 ¹

354 725 451 788 retur,
482 709 641 776 instituit«
696 704 821 795 Synodo
851 704 919 771 dein
950 704 1016 773 tlt
1042 704 1259 774 cloveshoviae
1286 710 1317 773 in
1338 708 1492 776 Britannia
1514 711 1615 778 habita
1639 710 1694 779 de·

356 832 468 887 cretum
497 828 556 882 est:
592 827 646 881 »ut
674 812 693 878 7
719 816 877 881 canonicae
901 817 1072 881 orationum
1096 815 1154 881 diei
1178 828 1209 882 ct
1229 818 1326 883 noctis
1348 816 1440 883 borae
1462 818 1595 909 diligenti
1617 842 1694 887 cura

357 951 423 994 curn
446 922 615 991 Psalmodia
638 936 669 989 et
692 922 836 989 cantilena
859 920 978 988 sibimet
1000 927 1189 992 convenienti
1212 924 1441 992 obseruatum«
1470 922 1560 1010 (conl.
1584 926 1693 994 Ranlrc

355 1037 593 1123 Pericopensyst.
618 1054 648 1120 p.
668 1025 739 1112 12.)
774 1028 835 1095 Sed
858 1030 951 1095 multo
974 1034 1074 1120 prius,
1099 1032 1197 1098 medio
1220 1055 1325 1121 nempe
1348 1034 1377 1100 V
1398 1034 1532 1112 saeculo,
1562 1034 1691 1125 Synodo

356 1144 543 1213 Hibernieusi
567 1136 596 1224 (a
611 1140 742 1209 Patricio
758 1134 873 1223 habita)
896 1137 1038 1206 horarum
1064 1139 1290 1207 celebrationem
1311 1142 1423 1207 clericis
1438 1144 1611 1232 imperatam
1626 1166 1693 1211 esse
1804 1163 1805 1176 ¹

357 1264 464 1341 putant
486 1246 562 1333 (can.
581 1247 655 1332 Vll).
696 1244 833 1314 Canones
855 1269 928 1313 vero
957 1249 1032 1314 istos
1062 1269 1155 1338 quum
1183 1250 1240 1315 alia
1268 1250 1361 1317 multa
1386 1263 1450 1316 tum
1471 1273 1566 1318 canon
1587 1252 1631 1318 Vl
1654 1251 1692 1319 de

356 1382 478 1427 romana
506 1371 645 1434 tonsura,
675 1355 764 1446 longe
792 1366 864 1443 post
884 1355 1047 1421 Patricium
1076 1378 1140 1422 esso
1167 1360 1365 1445 compositos,
1394 1357 1548 1425 manifeste
1570 1360 1690 1427 docent.

357 1469 425 1536 Mos
448 1479 546 1533 autern
569 1465 616 1531 ille
641 1464 803 1530 communis
827 1462 967 1531 omnibus
983 1476 1047 1530 erat
1063 1464 1201 1531 ecclesiis.
1235 1464 1269 1529 ln
1283 1465 1373 1531 Horis
1388 1468 1480 1555 igitur
1495 1478 1553 1533 tam
1568 1452 1689 1547 Psalmi,

358 1575 564 1663 Antiphonac,
600 1571 792 1661 Symbolum,
827 1571 999 1660 Doxologia
1027 1576 1145 1638 recitari
1174 1595 1262 1661 mam
1291 1572 1463 1661 Scripturas
1491 1575 1634 1643 lectiones
1661 1590 1691 1643 et

357 1684 524 1772 Martyrum
540 1681 628 1747 Vitae
651 1694 681 1745 et
702 1691 757 1745 cet.
781 1679 839 1768 legi
862 1678 1009 1747 solebant·
1022 1674 1113 1762 (conl.
1129 1680 1234 1748 Ranlse
1254 1680 1296 1749 ib.
1312 1681 1425 1748 Rubria
1441 1682 1478 1749 de
1493 1705 1568 1752 sacr.
1583 1683 1687 1771 Foroj.

358 1796 407 1858 rit.
431 1813 461 1879 p.
478 1786 567 1873 412).
613 1788 754 1855 Similiter
775 1790 806 1852 in
828 1786 1050 1875 Antiphonario
1073 1787 1185 1855 Bench.
1209 1801 1330 1855 crustant
1358 1790 1585 1880 »Antiphouae,
1616 1796 1689 1857 coti-

357 1899 445 1969 diana
462 1898 514 1977 98,
532 1897 569 1964 ad
580 1896 744 1986 Vesperum
760 1894 1069 1974 etlllatutiuum106,
1086 1896 1154 1961 dein
1165 1894 1361 1963 Collectioncs
1376 1895 1522 1979 16-33;
1538 1897 1685 1978 37-94ς

358 2004 506 2085 tit-nm
532 2006 657 2094 denique
681 2000 822 2081 34-36,
847 2003 885 2069 ad
905 2025 1024 2093 pacem,
1048 2003 1232 2094 symbolum,
1257 2008 1352 2072 oratio
1368 2005 1455 2073 Dom.
1471 2006 1613 2074 Metricae
1629 2009 1685 2074 col·

357 2112 645 2181 lcotlones17-26
669 2112 747 2179 sorte
771 2111 977 2179 cantabantur.
1011 2111 1090 2177 Sunt
1103 2125 1202 2178 autern
1217 2125 1387 2180 tetrametro
1402 2116 1587 2193 tetrasticha,
1611 2139 1685 2206 quae

358 2224 491 2314 neglecta
519 2221 699 2311 syllabarum
730 2224 894 2315 quantitate
924 2222 1064 2287 extremis
1090 2220 1224 2285 similiter
1245 2234 1354 2288 sonant
1375 2223 1485 2289 verbis.
1531 2224 1598 2290 Huc
1619 2247 1687 2314 per·

357 2335 451 2398 tinere
471 2330 591 2397 videtur
604 2331 711 2418 Hymn.
731 2328 782 2397 10.
808 2352 842 2396 ac
864 2328 990 2397 forsitan
1008 2326 1204 2395 collectiones
1218 2326 1351 2399 40-49
1375 2326 1465 2413 (conl.
1483 2329 1682 2401 Columbauus

316 2504 317 2509 ,
359 2438 396 2505 de
418 2435 556 2527 Synaxi).
602 2438 645 2503 Ac
667 2439 723 2503 hac

446 2548 479 2613 ll.
514 2544 564 2611 Ad
583 2542 740 2633 Officium
755 2542 929 2611 Pascbole
951 2546 1052 2633 potim
1073 2543 1243 2611 referendae
1258 2566 1322 2611 esce
1335 2546 1408 2613 mibi
1422 2544 1569 2627 ridentur,
1593 2570 1686 2638 aeque

359 2678 393 2723 ac
416 2654 612 2722 Collectiones
636 2650 778 2733 56-87,
808 2653 1000 2741 Antiphonac
1024 2650 1166 2719 92-94.
1184 2651 1227 2720 99
1248 2666 1278 2719 et
1292 2666 1363 2732 eet,
1392 2654 1503 2743 Hymni
1525 2654 1687 2724 5-1001
1804 2687 1805 2710 r

358 2764 483 2831 lorsitau
506 2763 538 2829 2.
555 2762 584 2829 3.
610 2760 700 2849 Quod
723 2762 920 2829 Collectioncs
944 2763 1016 2827 satis
1039 2760 1180 2827 indicant.
1214 2761 1338 2850 Legitur
1360 2764 1436 2828 enim
1460 2761 1536 2830 coll.
1552 2761 1595 2831 67
1617 2778 1688 2854 post

365 2872 543 2959 »Evangsc
574 2894 603 2935 π.
618 2919 624 2936 .
640 2918 647 2935 .
662 2919 669 2936 .
684 2870 759 2936 diem
775 2870 948 2937 Dominicac
970 2871 1196 2935 resurrectionis
1218 2870 1306 2936 nobis
1328 2871 1497 2937 solemniter
1515 2872 1688 2939 celebranti·

357 2980 461 3060 bus«;
486 2976 560 3045 Coll.
578 2974 619 3043 67
642 2990 712 3065 post
733 2977 929 3043 »Laudatctr
960 2989 1011 3043 »tc
1027 2976 1200 3053 adoramus,
1224 2990 1260 3043 nt
1274 2980 1304 3041 in
1320 2978 1376 3045 bac
1392 2980 1493 3067 vigilia
1505 2978 1688 3069 Sollempni·

357 3090 427 3154 tatis
444 3087 482 3153 ad
496 3087 585 3151 missa
605 3088 761 3173 pervenire
775 3098 952 3173 praestes«,
977 3081 1053 3151 con.
1070 3081 1114 3150 66
1137 3098 1208 3172 post
1221 3084 1276 3151 llv.
1307 3084 1447 3150 »Domini
1462 3093 1689 3157 resurrectionis
1804 3115 1805 3166 l

358 3198 475 3263 initium
490 3206 708 3273 venerantes«;
733 3191 868 3260 601173
899 3191 1134 3281 »Resurgentem
1157 3195 1189 3258 in
1211 3193 1269 3258 boc
1292 3192 1445 3259 dituculo·
1475 3192 1551 3261 conl.
1565 3194 1618 3262 74.
1633 3197 1689 3266 78.

357 3303 442 3372 Unde
466 3303 564 3391 colligi
587 3301 670 3380 licet,
695 3302 767 3369 baec
791 3300 828 3367 ad
851 3302 984 3367 Pascbac
1007 3300 1137 3367 officium
1160 3304 1336 3368 matutinum
1359 3304 1514 3389 pertinere.

437 3412 503 3478 ·Hic
526 3413 619 3497 igitur
639 3408 738 3477 'Officii
761 3408 836 3476 ordo
860 3432 925 3477 csse
947 3408 1074 3475 videtur.

428 3518 457 3587 l.
497 3516 678 3586 Orationes
702 3520 738 3586 in
764 3516 898 3607 thttitc
924 3514 1082 3584 Pcacbnc
1102 3515 1244 3585 tro-50.

493 3626 577 3694 Cerei
600 3626 771 3694 Benedictio
795 3627 903 3716 Hymn.
920 3624 952 3693 9.

426 3735 456 3805 2.
492 3732 608 3803 Misso
629 3738 667 3803 in
695 3733 826 3823 thtttis
849 3733 1016 3802 Paschae.

491 3840 527 3929 a)
561 3845 736 3933 Antiphona
759 3842 812 3910 92.
841 3883 876 3897 -
904 3843 1065 3911 Cantemus
1089 3842 1120 3909 5.
1160 3840 1303 3910 Collectio
1326 3843 1369 3912 56
1391 3857 1422 3912 et
1443 3859 1498 3912 cet.

903 3950 1074 4018 Benedicite
1089 3948 1121 4017 6.
1161 3951 1303 4018 Collectlo
1326 3952 1369 4019 57
1393 3967 1423 4020 et
1445 3967 1498 4021 cet.

494 4058 526 4144 b)
560 4060 734 4149 Antiphona
757 4058 811 4127 93.
841 4100 875 4112 -
901 4058 1036 4126 Laudato
1061 4058 1091 4125 7.
1128 4057 1203 4127 Coll.
1228 4058 1280 4127 58.

496 4167 527 4255 o)
561 4166 785 4255 Evangeliacm
807 4182 837 4235 et
860 4167 934 4235 Coll.
960 4166 1012 4235 59.

496 4277 526 4363 e)
559 4279 695 4366 Hymnus
717 4274 751 4361 (2
776 4290 804 4344 et
828 4274 882 4360 3?)
906 4290 936 4343 et
958 4275 1034 4343 Coll.
1058 4273 1111 4343 66.

490 4387 526 4473 s)
560 4386 726 4474 Antiphon.
751 4382 803 4453 94.
840 4385 875 4452 de
898 4384 1056 4473 Martyrib.
1081 4396 1111 4450 et
1134 4382 1210 4450 Coll.
1234 4381 1287 4450 61.

427 4497 458 4565 3.
496 4492 611 4561 Comen
632 4492 772 4561 Domini
792 4493 958 4582 Antiphon.
983 4490 1146 4561 99-105.

490 4604 599 4692 Hymn.
624 4600 655 4669 8.

446 4714 490 4779 ΙΙΙ.
525 4711 571 4777 De
594 4711 658 4777 allis
682 4708 786 4777 officiis
807 4712 987 4800 paucissima
1011 4722 1139 4776 cxcmnt.
1185 4708 1337 4776 Pertioent
1359 4722 1457 4777 autem

450 4817 478 4887 1.
514 4818 552 4887 ad
574 4816 712 4889 Domini
732 4814 879 4888 Natales
910 4818 1096 4911 »Antiphon
1120 4816 1196 4888 92.«
1234 4818 1414 4913 »Refugium
1437 4816 1498 4907 (rs.
1520 4816 1574 4900 90,
1593 4817 1625 4905 l)
1646 4819 1686 4890 ad
