3642 5309
520 640 674 695 Historia.

368 892 393 947 l.
417 892 525 959 ¹blarrimi
543 892 682 946 dominatio
696 930 809 947 .....
918 930 925 946 .

421 982 550 1035 Pictorum
564 982 752 1054 Scotorumque
771 982 808 1035 in·

421 1072 539 1125 vationes
564 1109 809 1126 ..........
917 1113 924 1126 .

369 1160 394 1215 6.
421 1162 586 1233 Legationes:
604 1162 726 1231 prima·
738 1160 809 1214 auxi-

420 1250 484 1305 lium
502 1278 537 1291 -
555 1252 653 1305 invasio
670 1288 677 1304 .
696 1288 704 1303 .
723 1288 730 1304 .
750 1288 757 1305 .
776 1289 783 1304 .
802 1288 809 1305 .
884 1288 891 1303 .
941 1290 947 1303 .
1553 1250 1586 1319 (c.
1604 1250 1667 1321 396)

422 1338 579 1395 secunda-
592 1338 758 1394 auxilium-
772 1341 811 1393 iu·
1804 1223 1811 1438 l

422 1431 494 1483 vasio
507 1457 541 1469 -
554 1429 655 1485 miseris
670 1466 782 1484 .....
802 1468 808 1485 .
948 1469 955 1483 .
1065 1462 1096 1471 -
1166 1473 1173 1488 .
1570 1430 1645 1499 (tntu

421 1521 497 1571 tertia
514 1517 546 1571 44
563 1518 666 1572 ll'e'tium
697 1556 808 1573 .....
1570 1518 1645 1589 (446)

421 1606 536 1661 Victoria
550 1635 583 1649 -
596 1606 730 1661 Britnnum
749 1609 810 1661 vitia

369 1696 394 1751 6.
424 1696 555 1751 Saxonum
575 1696 699 1751 adventus
721 1706 747 1751 et
765 1714 810 1769 op·
945 1742 952 1753 .
1568 1698 1644 1767 (449)

422 1788 577 1858 pressiones.
608 1784 729 1841 Aurelius
750 1825 756 1839 .
777 1825 810 1839 ..
949 1826 955 1841 .
1075 1816 1105 1827 -
1186 1830 1193 1843 .
1569 1786 1645 1856 (466)

1568 1876 1643 1945 (52⁰)

422 1965 565 2021 Britanniae
604 1973 686 2019 status
723 1964 810 2020 Gildae

1569 2054 1645 2125 666
1691 2038 1700 2065 ·

458 2220 632 2285 Transimus
655 2218 844 2306 adfantes,
868 2244 907 2287 ex
930 2220 1040 2311 quibus
1063 2220 1164 2288 Gildas
1187 2222 1294 2288 hausit

458 2326 489 2391 iu
513 2327 681 2393 britanniae
710 2328 939 2415 descriptione
965 2332 1142 2419 paucissima
1170 2330 1208 2395 ab
1238 2332 1368 2395 externis
1394 2329 1590 2417 scriptoribus
1613 2350 1693 2395 sum-

370 2438 442 2499 sisse
463 2432 591 2499 videtur.
635 2435 804 2525 Longitudn
827 2437 941 2503 insulae
964 2436 1043 2519 (800
1056 2438 1090 2503 M
1104 2435 1203 2520 Pass.)
1223 2436 1350 2503 latitudo
1373 2432 1452 2519 (200
1465 2438 1497 2502 Μ
1511 2432 1609 2519 Psss.)
1623 2460 1690 2502 cuna

371 2540 607 2630 cosmographia
638 2542 764 2610 Aethion
798 2543 948 2633 adscripta
980 2545 1068 2633 plane
1097 2548 1236 2611 concinit.
1281 2545 1390 2622 blulta,
1425 2567 1501 2634 quac
1528 2542 1690 2621 Diodorus,
1809 2579 1810 2582 ¹

370 2647 495 2726 Strabo,
527 2649 638 2715 Plinius
662 2652 807 2738 prolixius
829 2664 1008 2730 tractarunt,
1034 2651 1248 2719 desiderantur.
1293 2652 1355 2718 Sed
1376 2676 1483 2742 magno
1505 2666 1576 2718 sunt
1596 2674 1691 2741 pauca

369 2755 578 2834 aestimanda,
596 2779 671 2846 quse
694 2757 730 2823 de
752 2758 866 2824 insulae
889 2773 970 2826 statu
993 2761 1087 2849 qualis
1109 2763 1172 2827 suis
1195 2760 1285 2826 inerit
1306 2760 1506 2848 temporibus,
1536 2762 1692 2825 memoriae

369 2864 501 2930 tradidit.
548 2864 634 2930 Tuun
657 2869 733 2929 enim
756 2865 846 2931 fuisse
870 2865 1010 2932 discimus
1033 2866 1077 2933 28
1101 2871 1235 2932 civitates
1256 2868 1303 2931 uel
1327 2866 1452 2953 oppida,
1480 2867 1692 2932 6666611464·

368 2972 467 3050 stella,
492 2994 609 3048 muros,
632 2985 745 3049 turres,
769 2985 896 3039 serratas
918 2986 1038 3060 portas,
1062 2971 1167 3038 domus
1190 2969 1404 3039 munitionibus
1427 2986 1458 3039 et
1478 2973 1690 3041 decoramentis

368 3083 537 3145 instructae.
572 3078 647 3143 Dein
670 3076 747 3165 (Μ.
763 3078 799 3162 11)
820 3082 935 3166 patriae
956 3093 1095 3166 portenta
1118 3079 1264 3145 diabolica
1285 3093 1429 3146 memorat
1450 3103 1545 3169 ‚pene
1566 3102 1690 3146 nurnero

368 3189 515 3253 vincentia
537 3187 720 3275 Aegyptiaca
749 3209 874 3275 quorum
903 3186 1045 3252 nonnulla
1072 3187 1254 3253 lineamentis
1284 3187 1381 3254 adhuc
1410 3187 1590 3254 deformibus
1612 3192 1690 3254 intra

368 3294 416 3359 vel
438 3305 523 3359 extra
546 3290 662 3374 deserta
684 3298 799 3360 moenia
821 3296 909 3361 solito
934 3316 1016 3360 more
1038 3298 1164 3384 rigentia
1186 3297 1281 3361 torvis
1303 3295 1437 3363 vultibus
1458 3298 1637 3363 intuemur·

458 3402 659 3468 Romanorum
683 3402 787 3469 deinde
809 3406 992 3469 iuvasionem
1014 3402 1061 3469 bis
1083 3403 1144 3469 fece
1166 3402 1266 3469 verbis
1289 3402 1429 3469 describit
1450 3398 1481 3489 (3
1497 3402 1527 3468 5.
1543 3402 1604 3486 llll:
1628 3403 1691 3471 Ob·

368 3524 450 3578 tento
468 3534 484 3576 a
499 3512 640 3576 Romanis
657 3509 739 3577 orbis
757 3514 879 3599 imperio
899 3534 990 3601 quum
1007 3514 1037 3576 in
1056 3514 1136 3576 omni
1158 3526 1236 3577 terra
1258 3525 1329 3577 tunc
1350 3523 1498 3575 cessarent
1512 3510 1604 3589 bella,
1628 3536 1688 3577 nnn

369 3622 459 3685 aciem
471 3618 603 3685 ilamrdae
615 3620 748 3685 caeruleo
762 3622 862 3685 occani
874 3622 999 3686 torrenti
1010 3619 1143 3685 cobiberi
1154 3620 1201 3684 rel
1213 3620 1347 3707 extingui
1358 3620 1501 3705 potuisse.
1518 3619 1601 3703 Quae
1612 3620 1688 3685 sorte

370 3751 386 3794 4
401 3728 491 3794 Flnrn
506 3741 602 3794 sumta
617 3741 701 3805 sunt,
719 3728 770 3816 qui
793 3727 968 3805 nomnibus,
984 3730 1041 3804 ait,
1059 3739 1136 3791 terra
1152 3729 1286 3815 marique
1301 3728 1394 3813 captis
1409 3730 1541 3813 respexit
1555 3722 1689 3810 (Caesar)

369 3858 509 3903 occanum
532 3849 562 3902 et
584 3838 669 3924 quasi
691 3836 740 3901 bie
761 3836 915 3903 Romanus
938 3836 1021 3903 orbis
1041 3858 1103 3901 nnn
1125 3834 1290 3911 sufficeret,
1312 3834 1437 3898 41664666
1459 3836 1633 3923 cogitavit«

456 3944 498 4009 Ae
521 3947 640 4009 omnino
665 3943 864 4009 difficillimum
888 3958 934 4011 est
956 3945 1052 4022 dictu,
1078 3964 1154 4032 quos
1175 3942 1223 4007 bic
1246 3943 1372 4006 maxime
1394 3955 1512 4008 secutus
1532 3944 1572 4007 sit
1586 3956 1689 4009 aueto-

367 4076 424 4120 res.
462 4051 530 4117 Non
554 4054 630 4118 enim
653 4053 748 4118 solum
772 4075 848 4142 quae
869 4052 1013 4140 paulatim
1034 4051 1113 4117 14664
1133 4061 1219 4128 sunt,
1243 4052 1274 4114 iu
1296 4070 1385 4114 uuam
1409 4054 1493 4138 quasi
1516 4056 1691 4140 compressit

367 4163 535 4250 imaginem,
565 4159 618 4227 sed
635 4172 665 4226 et
687 4161 760 4226 aden
783 4158 914 4225 imbelles
937 4159 1027 4225 luisse
1049 4181 1084 4224 ac
1106 4157 1224 4224 timidos
1247 4158 1383 4223 Britoues
1406 4160 1544 4246 opinatus
1567 4172 1626 4236 est,
1654 4175 1692 4226 ut

367 4269 492 4335 Romani
515 4269 585 4334 snlis
608 4271 693 4333 minis
716 4290 767 4333 ens
789 4280 1027 4356 prosternerent,
1051 4264 1119 4332 dein
1142 4288 1234 4355 quum
1255 4265 1381 4333 subdole
1398 4266 1563 4356 praefectos
1578 4266 1691 4334 Roma-

367 4398 473 4443 norum
496 4376 706 4455 trucidassent,
730 4378 803 4443 alios
826 4375 972 4464 supplicio
989 4374 1140 4440 afficerent
1153 4376 1299 4463 mancipio
1316 4373 1419 4440 darent
1434 4374 1507 4439 alins
1522 4374 1690 4461 praelectis,

367 4489 407 4550 ita
437 4496 493 4549 »ut
514 4506 573 4550 nou
589 4484 741 4550 Beitanuia
764 4482 816 4549 sed
831 4484 965 4549 Romana
988 4483 1084 4549 insula
1106 4494 1275 4549 censeretur
1296 4494 1325 4549 et
1340 4480 1484 4571 quidquid
1499 4481 1603 4547 baberi
1616 4505 1694 4571 pns-

367 4605 413 4659 set
435 4596 525 4671 aeris,
549 4595 662 4682 argenti
684 4593 731 4657 vel
754 4592 833 4669 anm,
857 4592 983 4682 imagine
1007 4589 1142 4660 Caesaris
1163 4603 1348 4657 notaretur·

456 4700 544 4787 Quod
568 4712 635 4767 ante
658 4698 815 4768 Claudium
841 4721 901 4765 nnn
924 4700 1034 4766 factum
1057 4700 1148 4765 luisse
1170 4696 1287 4767 scimus.
1333 4698 1461 4764 Fortiter
1483 4712 1581 4766 autem
1602 4704 1693 4766 resti-

366 4812 437 4879 tisse
452 4809 604 4889 britones,
628 4808 829 4880 Romanorum
853 4812 1012 4902 scriptores
1036 4806 1074 4880 44
1095 4828 1188 4882 unum
1210 4830 1312 4880 omnes
1327 4810 1525 4880 consentiunt.
1558 4806 1619 4879 lde
1632 4806 1691 4882 trs
