3642 5309
625 380 691 429 aar.
711 376 768 442 vu.
809 378 860 429 art.
880 379 943 427 nro.
1087 353 1093 364 ’
1395 352 1446 428 49

21 522 23 547 ³
106 530 152 597 illi
175 530 366 620 prodierunt,
390 550 519 621 querum
535 528 616 599 nulla
630 532 801 598 memoriam
816 528 927 597 delevit
940 528 1064 597 oblivio.
1100 525 1196 616 Cujus
1211 526 1325 595 indoles
1341 530 1446 595 aetatis

107 642 140 703 in
167 637 272 706 Gilduo
294 639 377 706 libris
401 642 488 706 utin
512 638 632 728 speculo
655 641 846 729 perspicitur.

206 745 320 813 Gildam
343 746 423 815 Beda
451 750 584 836 exeepit,
614 749 666 837 qui
696 750 818 814 summis
841 746 981 814 laudibus
1003 746 1159 813 Britonum
1181 747 1317 812 instituta
1339 746 1446 811 extulit

107 876 167 923 nee
192 858 247 921 uisi
269 876 372 921 eorum
393 858 469 931 ritus
492 856 668 943 rejiciendos
693 878 756 923 esse
778 857 912 945 putavit,
936 855 1046 944 quibus
1061 855 1108 921 vel
1131 852 1287 920 arnoldi
1306 852 1445 920 addietis-

107 966 180 1029 simi
209 962 337 1029 luerunt
384 962 517 1031 Tandem
542 986 632 1044 vero,
663 986 755 1054 quum
781 966 843 1051 jam
874 984 975 1029 omnes
1001 976 1120 1052 praeter
1145 966 1226 1051 ipsos
1247 961 1393 1029 Pasebam
1415 974 1446 1027 et

109 1084 266 1138 tonsuram
289 1071 452 1137 Romanam
475 1074 671 1160 accepissent,
696 1095 722 1139 a.
740 1069 806 1139 768
829 1070 1009 1159 lllbodugus
1030 1073 1106 1136 ritus
1129 1074 1202 1137 istos
1225 1069 1353 1136 induxit

209 1176 325 1245 Tertio
347 1178 490 1266 denique
513 1188 610 1247 amaa
633 1177 775 1247 soeculo
799 1176 892 1243 IX-
900 1175 977 1243 XII
996 1179 1208 1267 complectitur.
1243 1179 1329 1244 luitio
1351 1177 1443 1264 bajus

111 1289 234 1367 aetatis,
271 1308 346 1377 quae
379 1290 528 1355 coutinuis
558 1285 715 1355 Saxonum
743 1286 956 1374 [danorumque
989 1286 1195 1355 invasionibus
1224 1308 1259 1353 ae
1285 1285 1374 1377 bellis
1398 1297 1444 1351 est
1587 1336 1591 1341 Α

112 1398 249 1485 cognita,
278 1394 411 1463 Historia
433 1395 589 1462 Britonum
617 1399 729 1485 seripta
759 1408 818 1475 est,
850 1418 888 1461 ex
918 1417 978 1485 qua
1006 1395 1144 1461 ecelesiae
1167 1406 1197 1461 et
1217 1394 1367 1460 literarum
1390 1394 1442 1481 qui

111 1518 185 1571 tune
213 1516 308 1571 status
337 1502 440 1583 luerit,
469 1503 591 1592 intelligi
615 1517 724 1592 potest.
770 1503 931 1569 Pristiuam
953 1524 1020 1569 eum
1042 1525 1113 1569 vera
1135 1501 1278 1593 religione
1298 1503 1442 1590 supersti-

113 1615 224 1679 tionem
247 1614 367 1679 miseere
390 1634 425 1679 ae
447 1611 556 1679 sabulis
579 1614 673 1700 magis
697 1624 727 1679 et
748 1634 826 1677 vana
848 1610 1026 1699 gloriatione
1048 1633 1137 1700 quam
1159 1612 1301 1677 historiae
1318 1611 1442 1675 veritate

114 1718 251 1787 deleetari
274 1735 445 1808 coeperunt.
483 1720 559 1789 Cum
573 1718 819 1787 Hiberniensibus
841 1741 914 1785 vero
937 1720 974 1784 iis
996 1731 1061 1785 tum
1082 1718 1327 1785 necessitudinem
1350 1716 1442 1783 fnisse

116 1850 151 1895 ex
172 1827 339 1896 Annalibus
363 1826 517 1897 (lambrias
546 1830 762 1918 eognoseimus.
809 1827 892 1907 Unus
919 1840 1035 1895 tautum
1062 1827 1119 1895 sub
1147 1826 1190 1895 lX
1216 1826 1327 1895 saeeuli
1353 1825 1441 1892 linem

116 1938 158 2003 vir
180 1958 306 2024 magnus
330 1937 445 2003 exstitit
468 1936 605 2003 Asserius
627 1936 822 2003 Menevensis.

200 2044 266 2111 Jam
295 2066 365 2111 vero
399 2043 468 2111 inde
503 2068 520 2111 a
547 2044 578 2111 X
608 2045 726 2113 sreoulo
760 2045 898 2112 ecelesiae
928 2043 1134 2112 cantuariensi
1161 2043 1226 2111 sedi
1254 2066 1286 2111 se
1313 2042 1440 2111 subtere

124 2166 291 2243 coeperunt,
313 2152 396 2221 ΧΨ·
415 2151 542 2242 denique
563 2154 634 2223 huie
655 2167 820 2243 paruerunt
842 2174 953 2222 omnes.

137 2488 564 2581 nuuuuslasttcnu
595 2492 869 2583 scutetum
898 2491 1174 2582 HlSTORlAH
1202 2491 1414 2582 FONTHS.

202 2694 362 2765 Scotorum
394 2696 579 2761 monasteriis
612 2694 781 2783 sobolisque
817 2693 946 2761 bonores
978 2715 1128 2783 uunquam
1157 2716 1219 2760 uon
1247 2694 1341 2761 habiti
1368 2710 1440 2763 suut

21 2856 23 2905 q
117 2806 292 2895 amplissimi.
327 2804 458 2871 Maxime
479 2816 576 2870 autem
599 2802 699 2869 luoeut
719 2802 908 2891 Baugorenso
932 2802 1108 2869 coenobium
1130 2805 1161 2867 in
1177 2802 1333 2880 Hibernia,
1357 2802 1440 2891 apud

115 2911 213 2981 Pietas
239 2913 383 3003 Hylense‚
420 2931 495 3001 quas
523 2923 642 2979 sanetae
671 2912 750 2977 vitae
778 2908 884 2977 deditis
912 2910 1042 2999 refugia,
1077 2911 1228 2977 literarum
1257 2909 1325 2976 dein
1353 2914 1439 2999 quasi

21 3000 23 3031 '
114 3026 256 3101 nutrices,
280 3020 435 3087 seminaria
457 3018 583 3109 denique
606 3018 765 3085 multorum
789 3018 877 3109 longe
900 3019 1016 3107 lateque
1038 3022 1284 3085 monasteriorum
1302 3032 1333 3085 et
1348 3020 1439 3085 eoele-

21 3204 22 3207 Ἴ
115 3132 222 3196 siarum
251 3130 438 3195 exstiterunt
485 3126 567 3213 Quae
596 3139 667 3194 tune
696 3130 727 3193 in
755 3127 813 3195 illis
843 3149 959 3195 morum
986 3126 1157 3216 simplieitm
1184 3130 1322 3217 vitaeque
1349 3126 1440 3193 luerit

113 3238 282 3327 integritas,
312 3248 456 3325 quantum
483 3236 649 3315 literarum,
682 3238 810 3303 maxime
839 3257 989 3303 sacrarum
1014 3236 1161 3315 studium,
1192 3247 1320 3325 quantus
1343 3236 1439 3302 divul-

114 3344 228 3433 gandae
250 3342 401 3434 religionis
425 3344 600 3410 ebristianae
623 3343 728 3423 ardor,
760 3357 820 3411 tam
843 3366 882 3411 ex
905 3342 1003 3410 Bodas
1024 3343 1170 3423 Historia,
1195 3366 1283 3433 quam
1304 3366 1344 3410 ex
1366 3346 1438 3431 ipsis

115 3450 275 3523 Scotorum
298 3453 494 3520 monumentis
517 3454 645 3540 perspici
667 3452 745 3519 lieet.
781 3451 881 3538 Quum
898 3473 970 3517 vero
985 3451 1224 3519 Hibernieusinm
1244 3453 1439 3519 monasterio-

114 3582 178 3627 rnm
208 3559 371 3651 primordia
398 3559 549 3627 oblivione
576 3558 638 3626 iere
661 3559 769 3626 obruta
792 3564 866 3639 siut,
897 3560 995 3649 qualia
1016 3560 1127 3627 luerint
1148 3583 1187 3632 ex
1208 3580 1311 3626 eorum
1333 3581 1439 3626 moou-

114 3674 235 3749 montis‚
260 3690 335 3760 quae
357 3670 500 3759 originem
522 3666 591 3733 inde
613 3667 779 3749 duxerunt,
803 3667 1044 3759 cognoscendum
1061 3680 1116 3735 est
1150 3668 1198 3734 ux
1213 3668 1260 3735 bis
1274 3688 1346 3735 vero
1363 3690 1439 3759 quae

114 3783 183 3845 satis
212 3790 397 3857 notarunt,
426 3788 586 3844 reuertere
612 3776 751 3845 uolumus
782 3776 834 3843 sed
861 3780 898 3843 iis
929 3790 1042 3843 tantum
1068 3776 1290 3866 perserutandis
1318 3798 1439 3865 operam

115 3884 263 3964 dabimus,
292 3906 368 3975 quas
394 3886 442 3953 vel
471 3883 603 3951 nondum
632 3898 703 3951 sunt
731 3884 886 3977 indagata,
916 3885 964 3951 rel
991 3906 1098 3974 parum
1127 3884 1281 3974 diligenter
1301 3897 1437 3952 tractata.

113 3993 214 4084 ltaque
235 3995 331 4083 primo
355 4014 394 4059 ex
414 3993 580 4061 Annalibus
602 3994 864 4073 Hibernieusibus,
896 4016 972 4084 quae
992 3996 1054 4060 sint
1074 3998 1210 4084 antiqua,
1241 4014 1359 4074 eruere,
1386 3993 1439 4059 tti-

113 4103 204 4169 tualia
226 4100 293 4167 dein
308 4099 428 4169 Senties
450 4101 594 4193 quaedam
615 4104 808 4192 investigare,
833 4103 870 4173 de
884 4102 1014 4172 Patricio
1039 4102 1166 4193 deniqne
1182 4101 1344 4173 Hiberniae
1366 4124 1439 4191 apo·

114 4211 190 4279 stolo
213 4208 356 4280 &sorore
378 4210 573 4281 studebimus.

319 4447 411 4540 Cre.
433 4446 515 4541 Vll.
564 4446 810 4539 ANNALHS
843 4442 1232 4540 HlBERNlENSES.

202 4643 265 4713 Hos
288 4648 456 4737 quieuuque
478 4646 659 4737 pervolverit
682 4668 736 4714 eur
757 4646 831 4713 nulli
854 4648 1045 4713 historiarum
1066 4646 1135 4715 libri
1158 4646 1198 4713 ad
1218 4668 1274 4712 nos
1297 4653 1444 4734 pertensi

117 4754 190 4833 rint,
213 4754 298 4821 laeile
320 4753 442 4822 videbit.
487 4752 649 4822 Continent
671 4758 747 4823 enim
770 4758 823 4822 vix
846 4754 1007 4845 quidquam
1031 4768 1148 4842 praeter
1169 4756 1340 4844 regulorum
1362 4754 1440 4822 bella

120 4872 147 4929 et
161 4866 315 4945 vietorias,
339 4866 548 4953 episcoporum
569 4866 769 4945 nativitatem,
795 4864 927 4949 obitum,
948 4862 1062 4932 laudes.
1096 4864 1130 4929 lo
1145 4862 1327 4953 colligendos
1342 4876 1440 4932 autetn

1177 4966 1196 5023 d
