3642 5309
36 494 38 575 t

621 376 688 425 err.
707 374 752 425 vr.
790 372 943 425 cescum.
1388 345 1439 420 47

206 520 435 593 Britmusieoe
454 526 561 614 ipitius·
582 524 746 595 eeclesiae
768 530 868 616 eripe
884 544 992 615 ecque
1007 532 1223 591 memorum
1238 522 1443 608 scriptorium

119 632 320 700 testimoniis
340 634 379 701 tn
401 632 506 703 lrtoem
529 645 702 705 evocem.
745 637 790 702 De
812 636 877 702 aliis
899 657 971 702 vero
993 634 1084 701 rebus
1104 633 1152 698 vel
1173 652 1254 698 nova
1275 631 1314 697 ab
1335 634 1372 695 iis
1395 630 1443 696 vel

119 744 247 807 certiora
267 741 381 810 discere
402 744 479 811 lieet
527 742 616 829 Quod
644 748 720 811 euim
750 744 786 809 de
809 744 991 811 Diocletiana
1018 744 1224 831 perseeutione
1251 762 1289 806 ex
1310 736 1443 803 Eusebio

120 848 222 916 Gildas
244 852 362 930 retulit,
387 874 425 918 ex
447 852 577 940 ejusdem
599 850 675 917 llist
694 850 773 917 Bccl.
790 852 869 929 vlu,
896 850 1016 918 1317.
1052 851 1124 916 Vita
1146 848 1250 915 Gonst
1272 848 1299 925 1,
1325 845 1383 925 13,
1407 845 1444 911 de

119 970 242 1046 martyr.
264 959 328 1025 Pal.
350 981 376 1026 c.
400 958 441 1025 13
464 955 561 1043 (conf.
586 956 657 1026 soz.
681 958 719 1025 ll.
734 958 770 1025 B.
793 961 820 1039 l,
843 956 883 1041 6)
907 954 1117 1049 corrigendum
1140 970 1194 1024 est
1241 955 1353 1022 'fribus
1375 954 1444 1021 dein

121 1066 252 1133 conciliis
274 1067 443 1134 interfuisse
465 1064 604 1135 Britones
625 1066 772 1133 feruntur.

205 1172 361 1245 Cotwilio
381 1172 582 1243 Arelatensi
608 1199 635 1242 a.
660 1172 727 1242 314
753 1174 883 1243 adfuisse
912 1175 995 1255 illos,
1026 1196 1204 1265 quamquam
1231 1194 1317 1239 nemo
1344 1184 1442 1262 negat,

120 1295 215 1349 umen
238 1284 277 1351 de
299 1307 350 1363 eo,
380 1288 499 1375 quinem
528 1298 558 1351 et
586 1296 661 1373 quot
689 1282 852 1362 adfuerint,
883 1287 1086 1351 controversia
1109 1296 1162 1349 est
1207 1281 1339 1347 isidorus
1367 1284 1444 1347 enim

122 1390 270 1457 Mercator
297 1414 358 1459 »cx
379 1394 535 1481 provincia
549 1391 702 1458 Britannia
716 1392 883 1458 liberium«
908 1405 1065 1459 memoras
1097 1391 1196 1459 Petris
1215 1389 1333 1459 Crabbe
1354 1412 1442 1455 vero:

129 1520 183 1565 »ex
204 1502 363 1589 provincia
384 1498 569 1581 Britanniae,
594 1502 713 1567 civitate
735 1500 863 1567 Londin.
886 1501 1055 1568 Restitutus
1077 1502 1186 1589 episc,
1210 1522 1250 1565 ex
1270 1520 1358 1587 prov.
1381 1497 1443 1586 By·

123 1628 225 1673 sacena
251 1611 332 1675 civit.
356 1604 570 1674 Tuberniccnsi
592 1606 723 1675 anrius
746 1630 810 1697 ep,
841 1633 879 1676 ex
901 1610 1003 1676 eadem
1024 1610 1180 1698 provincia
1202 1610 1282 1675 civit.
1306 1606 1444 1673 Culcuei·

124 1726 187 1780 tana
206 1715 398 1804 Adelphius«
428 1712 519 1799 (conf.
545 1712 664 1783 Crabbe
687 1714 779 1783 Cone.
806 1695 915 1801 1538).

203 1824 364 1913 Byzacena
385 1845 457 1893 vcro
472 1822 514 1891 lv
528 1824 646 1891 sacculo
661 1826 815 1912 provincia
830 1824 972 1892 Africana
989 1824 1056 1891 fuit
1092 1824 1327 1891 Turbnnicensis
1350 1826 1439 1912 episc

124 1934 150 1997 in
170 1930 265 1999 Catal
291 1936 381 2021 spise.
405 1932 470 2000 Afr.
494 1946 689 2010 memoratur,
722 1930 790 2000 dein
813 1932 954 2000 Tubunia
981 1945 1012 1999 et
1033 1932 1182 2000 'l'ulturba
1212 1946 1300 2023 atque
1330 1930 1443 2000 Culsita

128 2039 199 2107 sedes
222 2042 408 2131 episcopales
431 2044 462 2107 in
484 2041 587 2109 Africa
607 2063 747 2130 procons.
771 2041 900 2107 fuerunt

203 2149 309 2215 Alium
332 2148 458 2239 denique
481 2148 638 2217 tremens
660 2144 766 2233 (Cone.
793 2146 890 2232 1671)
914 2172 954 2215 ex
976 2147 1152 2216 Gorheiensi
1180 2149 1281 2216 codiee
1302 2150 1443 2215 manseri-

131 2259 177 2341 psit
197 2257 386 2347 catalogum,
410 2260 462 2346 qni
485 2256 635 2346 qnondam
657 2256 788 2324 secundo
812 2256 939 2323 concilio
960 2258 1073 2324 Arelat
1096 2260 1286 2346 praepositus
1307 2256 1373 2323 fnit.
1411 2256 1444 2321 le

129 2384 157 2427 ec
169 2362 211 2431 12
226 2367 439 2453 episcoporum
459 2368 580 2431 nomina
599 2365 739 2433 mendose
753 2364 914 2431 admodum
928 2366 1039 2453 scripta
1054 2369 1254 2443 inveniuntur,
1277 2368 1355 2430 inter
1368 2386 1444 2454 quae

211 2470 387 2541 ‚Eborircs
410 2476 567 2564 episcopus
590 2472 627 2541 de
645 2478 763 2541 civitate
777 2472 975 2553 Eboracenai,
999 2476 1154 2562 provincia
1169 2474 1352 2553 Britanniae,
1376 2469 1444 2537 lte-

131 2578 258 2649 crimene
275 2602 321 2668 ep.
338 2581 375 2647 de
391 2586 509 2648 civitate
523 2582 720 2660 Londiueusi,
744 2585 899 2669 provincia
914 2603 1005 2670 snpra
1021 2584 1146 2669 scripta,
1170 2577 1324 2666 Adelfius
1344 2604 1391 2668 ep.
1408 2581 1444 2647 dc

129 2686 238 2754 civitate
251 2686 377 2754 Colonia
388 2688 636 2767 Londinensium3
653 2688 760 2755 exinde
776 2687 915 2753 sacerdos
928 2687 1087 2776 presbyter
1094 2688 1247 2751 Arminius
1262 2688 1438 2753 diaconus·

204 2796 368 2861 incertiora
389 2798 481 2885 igitur
502 2797 575 2861 haec
597 2808 683 2875 suut,
712 2808 840 2861 attamen
867 2814 930 2859 non
957 2806 1017 2872 est,
1046 2794 1128 2882 qnod
1157 2792 1340 2872 dubitemus,
1371 2797 1444 2883 quin

127 2904 243 2970 concilio
269 2926 285 2969 a
310 2902 507 2970 Constantino
534 2916 700 2971 convocato
728 2906 886 2992 episeopus
909 2902 1108 2968 liberaeensis
1129 2903 1177 2969 vel
1198 2902 1313 2990 plures,
1342 2905 1443 2991 siqui

125 3020 181 3076 tam
203 3015 374 3079 exstiterint
395 3010 565 3079 Britanniae
588 3015 720 3102 episcopi
743 3010 900 3077 adfuerint.

208 3118 413 3187 Sarutcecsi
434 3120 514 3187 deice
536 3118 679 3189 coneilio
703 3142 731 3187 a.
756 3116 819 3186 stt
844 3119 1032 3186 Britannicus
1061 3106 1181 3208 quodem
1209 3122 1368 3208 episcopos
1390 3117 1444 3185 ad-

126 3222 210 3295 fuisse
232 3228 417 3294 Athanasius
442 3228 532 3295 refert
554 3232 584 3295 in
607 3230 666 3318 sp.
689 3230 713 3293 ll
736 3228 927 3294 contrairi.
966 3222 1037 3314 (Op.
1061 3226 1107 3291 cd.
1133 3226 1304 3293 Commelin.
1327 3228 1354 3305 l,
1378 3224 1445 3292 360

126 3346 152 3397 et
172 3337 201 3401 in
217 3336 313 3424 Epist.
330 3333 369 3402 ad
391 3336 538 3402 salierit
556 3333 753 3425 appetu.)
785 3336 827 3402 Ae
850 3356 946 3423 neque
968 3337 999 3398 in
1022 3331 1065 3400 59
1088 3337 1298 3423 episcoporum
1320 3355 1444 3400 numero

126 3443 202 3527 apud
215 3442 361 3512 Isidorum
376 3444 467 3509 Mero.
483 3464 579 3533 neque
594 3447 670 3510 inter
685 3441 739 3523 97,
763 3445 814 3533 qui
836 3447 868 3509 in
891 3442 992 3509 codiee
1007 3440 1172 3508 Veronensi
1194 3456 1328 3521 exstant,
1351 3443 1444 3509 ndum

125 3546 292 3619 Britanniae
314 3554 487 3640 episcopum
508 3554 618 3617 inveni.

212 3657 366 3727 Concilio
383 3656 591 3727 Ariminensi
612 3656 677 3726 359
701 3657 834 3747 Sulpicio
858 3656 971 3726 Severo
993 3670 1070 3725 teate
1091 3658 1159 3747 plna
1181 3678 1271 3747 quam
1291 3658 1360 3727 400
1381 3662 1443 3750 epi·

123 3771 205 3854 scopi
239 3768 434 3835 occidentales
468 3767 672 3834 iuterfuerunt.
723 3768 800 3833 Tum
834 3766 1061 3856 repudiantibus
1093 3788 1241 3833 annonam
1273 3769 1441 3858 Aquitanis,

127 3870 229 3955 Gallis,
261 3874 411 3943 Britannis
443 3890 504 3942 tres
537 3889 652 3942 tantum
685 3878 818 3965 episcopi
848 3876 1011 3943 Britannici
1042 3876 1145 3964 inopia
1177 3880 1292 3965 proprii
1320 3877 1444 3966 publico

127 3996 223 4050 sumtu
244 3986 292 4051 usi
315 4006 378 4051 esse
400 3984 544 4051 feruntur.

212 4093 310 4159 Pauca
332 4092 474 4181 denique,
506 4114 582 4182 quae
609 4090 647 4156 ad
674 4094 750 4157 ritus
780 4104 810 4157 et
832 4090 996 4158 doctrinam
1023 4105 1172 4180 spectant,
1202 4096 1311 4182 passim
1340 4116 1444 4160 occur·

127 4212 202 4266 mne
241 4198 483 4269 ominatum
506 4203 581 4266 enim
604 4198 660 4287 Bp.
684 4200 723 4267 ad
745 4200 831 4265 Alex.
857 4194 931 4281 (vic
946 4200 996 4279 lll,
1016 4196 1069 4282 lB)
1092 4200 1129 4265 de
1150 4200 1308 4268 Paschae
1329 4202 1442 4269 eccer-

127 4308 260 4374 ectimee
282 4310 340 4375 hoc
357 4309 429 4375 dicit
444 4331 508 4375 esse
521 4307 687 4375 decretum:
710 4302 756 4373 ἶν’
769 4302 857 4381 ὅπως
878 4302 966 4373 sse
988 4328 1071 4371 aare
1089 4330 1148 4393 την
1161 4314 1318 4393 Popucoe
1338 4309 1443 4387 πολιν,

121 4404 256 4484 Ἰταλιαν
276 4438 312 4481 ee
327 4438 383 4480 και
392 4412 549 4505 ’timoreque
562 4410 705 4493 ἅπασαν,
720 4411 902 4495 'Auruncum
924 4416 1082 4494 Emeum,
1097 4415 1245 4495 I'ailsoc,
1266 4422 1444 4504 Bpscee-

129 4540 273 4599 νιας...
294 4548 355 4609 μιᾳ
376 4548 431 4589 cece
452 4540 615 4615 συμφωνῳ
638 4522 832 4613 polensem
853 4544 963 4617 γνωμῃ
985 4520 1146 4611 sepem,
1172 4548 1267 4593 creso
1289 4548 1344 4591 soe
1364 4523 1443 4613 epea

130 4648 202 4717 τερα
222 4632 437 4721 προςδεξηται
457 4648 590 4710 euveum.

212 4740 371 4811 Hilarius
393 4754 491 4810 autem
514 4745 545 4809 iu
567 4743 659 4810 literis
681 4741 720 4810 ad
737 4740 909 4811 Germaniae
932 4754 962 4811 et
983 4742 1154 4813 Britanniae
1175 4745 1306 4836 aliosque
1328 4749 1445 4834 episeo·

130 4862 181 4933 pos
208 4873 234 4919 r.
258 4876 284 4920 a.
308 4848 373 4919 358
401 4854 519 4943 scriptis
541 4853 679 4920 Britoucs
709 4854 751 4921 nis
785 4851 1051 4924 »incontaminatos
1074 4866 1104 4923 et
1124 4850 1264 4923 illaesos
1286 4854 1331 4924 ob
1353 4855 1444 4924 omni
