3642 5309
348 332 400 409 46
744 356 811 405 cnr.
829 354 875 404 vr.
913 353 1105 405 scnnronrs
1122 352 1274 403 sxrnnrn.

346 509 502 577 itineribus
524 508 639 585 retulit,
663 508 770 574 hausit
805 508 852 574 Ex
875 508 942 574 loeo
963 508 1024 574 Tit.
1044 504 1111 585 l,5
1133 520 1231 575 antem
1254 526 1342 596 quem
1364 502 1492 570 adduxit
1512 499 1682 578 concludo,

347 618 439 683 verbo
462 618 560 705 pelagi
582 638 643 681 non
659 613 810 683 Oceanum
832 615 884 681 sed
907 638 987 682 mare
1008 614 1254 681 mediterraneum
1269 611 1490 701 intelligendum
1504 632 1578 676 esse.
1621 607 1684 675 Sin

347 748 416 792 vere
437 724 549 791 insulas
564 724 749 790 Britannicas
771 727 803 789 in
824 726 922 790 animo
944 723 1066 804 babuit,
1090 726 1202 811 incepit
1222 735 1340 789 tantum
1357 722 1506 787 oratorico
1524 739 1682 794 sermone,

349 856 425 925 quae
450 828 635 899 Venentius
658 831 868 899 Fortunatus
891 830 933 898 Vl
959 853 1036 898 saec.
1065 832 1185 920 poetico
1212 830 1345 919 perfecit.
1390 828 1418 895 Is
1445 848 1565 896 mrsum
1587 825 1682 892 Pauli

350 940 518 1011 descrihens
539 944 570 1008 in
592 940 663 1007 Vita
684 940 805 1007 Martini
826 941 876 1019 ΙΙΙ,
901 960 993 1029 quum
1015 940 1073 1005 alia
1094 952 1158 1005 tum
1181 940 1254 1005 haec
1277 939 1398 1005 cecinit:

536 1050 680 1115 rTransit
701 1061 731 1115 ct
752 1046 901 1115 Oceanum
923 1049 972 1114 vel
993 1069 1053 1136 qua
1074 1046 1147 1113 iacit
1167 1048 1264 1114 insula
1285 1060 1408 1135 portum

530 1156 673 1245 Quosque
695 1154 853 1223 Britannus
876 1155 968 1223 habet
988 1168 1084 1222 terras
1105 1168 1196 1245 atque
1217 1156 1320 1221 ultirm
1343 1154 1450 1243 Thyle.
1527 1190 1533 1199 ·

528 1266 659 1331 Buccinn
681 1267 855 1353 concrepuit
874 1268 1011 1355 regiones
1033 1286 1094 1331 una
1116 1286 1172 1354 per
1193 1284 1317 1331 omnes«
1345 1275 1377 1329 et
1398 1274 1454 1328 cet

349 1372 539 1439 Recentiores
561 1393 634 1438 vero
657 1372 721 1437 istis
743 1375 902 1461 scriptores
928 1374 1002 1439 alios
1026 1393 1146 1462 quoqne
1169 1370 1281 1440 Christi
1308 1369 1471 1459 discipulos
1500 1369 1533 1432 in
1554 1366 1683 1432 Britan-

348 1484 427 1547 niam
454 1484 570 1547 venisse
597 1478 792 1547 tradiderunt
834 1480 956 1569 Legitur
983 1484 1061 1547 enim
1084 1483 1147 1568 jam
1174 1484 1207 1546 in
1232 1478 1326 1559 libro,
1355 1500 1443 1569 quem
1471 1476 1509 1543 de
1529 1471 1681 1543 Patribus

349 1593 505 1679 utriusque
526 1589 692 1655 testamenti
713 1588 844 1653 isidorus
867 1600 992 1676 putatur
1012 1592 1181 1678 scripsisse:

445 1694 650 1783 »Philippos
673 1715 696 1761 a
716 1691 907 1763 Bethsaida
930 1697 1020 1764 Gallis
1044 1696 1230 1786 praedicavit
1250 1694 1453 1784 barbarasque
1474 1707 1578 1783 gentes
1601 1695 1683 1759 vici·

350 1826 463 1895 unaque
490 1804 620 1871 tenebris
648 1816 678 1871 ct
705 1807 830 1869 tumenti
859 1825 970 1870 oceano
999 1807 1174 1892 conjunctas
1201 1803 1241 1870 ad
1267 1806 1406 1869 scientiae
1427 1803 1522 1867 lucem
1542 1800 1681 1891 lideiqne

350 1928 471 2002 portum
502 1910 657 1979 deduxit«
709 1910 802 1997 Quem
836 1914 984 2002 integrum
1017 1914 1115 1979 locum
1143 1911 1328 1999 Freculphus
1357 1912 1552 1978 Lexoviensis
1581 1912 1680 1997 episc.

351 2018 406 2104 (ΙΙΙ
427 2017 517 2105 saec.)
540 2023 570 2085 in
594 2018 705 2086 Chron.
727 2019 766 2099 ΙΙ,
789 2018 813 2086 4
834 2024 1035 2109 transcripsit3
1059 2020 1256 2109 Brecnlphnrn
1279 2032 1377 2085 antem
1401 2016 1574 2087 Gnilielmus
1598 2017 1681 2083 Mal·
1803 2005 1804 2022 ¹

351 2128 443 2194 mesb.
475 2140 594 2195 secutus
621 2126 751 2194 lahulam
779 2128 865 2193 istam
896 2128 933 2195 de
962 2127 1119 2195 duodecim
1145 2128 1277 2218 Philippi
1306 2127 1459 2216 discipulis
1488 2138 1518 2192 et
1538 2124 1680 2213 Josepho

352 2236 496 2303 Arimath.
521 2238 689 2323 composuit
711 2230 801 2318 (conl.
825 2258 918 2324 snpra
940 2235 977 2302 dc
1001 2234 1116 2321 Glast).

440 2340 674 2410 Aristebedum
701 2342 806 2409 deinde
832 2364 885 2408 sen
914 2342 1099 2410 Zebedaeum
1132 2348 1306 2433 episcopum
1340 2364 1404 2410 esse
1433 2347 1464 2408 in
1491 2342 1674 2410 Britanniam
1803 2319 1804 2402 J

352 2454 488 2529 missum,
518 2449 625 2516 Hrleca
651 2450 682 2515 X
709 2471 785 2515 saec.
813 2454 972 2538 episcopus
994 2450 1290 2540 caesaraugustanus
1318 2450 1434 2530 retulit,
1463 2453 1672 2518 consentienti·

352 2559 409 2625 bns
430 2558 586 2625 Dorothco
610 2569 639 2623 et
660 2558 838 2647 Menologiis
861 2556 981 2623 Graecis
1004 2556 1043 2623 ad
1063 2558 1132 2626 XV.
1149 2560 1237 2625 Mart
1276 2560 1308 2625 ln
1331 2558 1434 2625 iisdem
1456 2559 1496 2625 ad
1516 2560 1547 2624 X
1568 2555 1640 2624 ilai.

443 2664 561 2733 Sincera
586 2662 737 2745 Zelotes,
767 2686 853 2754 quem
880 2668 910 2730 in
931 2664 1054 2733 Perside
1083 2666 1194 2733 obiisse
1222 2666 1261 2733 ad
1283 2666 1356 2733 XXl
1378 2664 1445 2732 Oct
1468 2666 1596 2732 Romani
1619 2686 1677 2730 no·

352 2788 430 2853 tant,
460 2772 620 2840 crucifixus
642 2777 671 2837 in
695 2773 845 2839 Britannia
868 2796 933 2841 esse
954 2773 1050 2839 fertur
1077 2770 1175 2857 (coni.
1198 2775 1322 2864 Niceph.
1346 2795 1376 2863 p.
1399 2771 1466 2839 483
1489 2773 1536 2840 ed.
1563 2770 1677 2856 1559).
1803 2823 1804 2874 p

352 2884 385 2947 ln
406 2880 623 2948 Commentario
648 2894 745 2946 autem
768 2879 805 2947 de
827 2882 917 2947 Petro
939 2894 971 2947 et
991 2881 1085 2947 Paulo
1109 2876 1189 2962 (Act.
1211 2879 1677 2969 sacratissimaru),

354 3012 440 3079 quern
464 3013 482 3055 a
505 2986 642 3053 Simeone
663 2986 865 3074 Metaphrasta
887 3010 951 3053 esse
972 2992 1116 3075 scriptum
1137 2989 1199 3055 Leo
1221 2989 1349 3054 Allatins
1366 2991 1435 3075 jure
1457 3001 1562 3077 negat,
1636 3058 1641 3068 ⁴

442 3094 569 3161 Petrus
591 3094 643 3160 diu
665 3096 695 3159 in
718 3092 869 3161 Britannia
891 3108 1091 3162 commoratus
1113 3117 1177 3162 esse
1200 3095 1317 3162 dicitnr.
1363 3095 1453 3181 Quod
1474 3118 1561 3162 nemo
1584 3100 1677 3163 mira·
1803 3079 1804 3136 ἶ

353 3205 450 3283 bitur,
484 3206 508 3269 si
538 3201 656 3292 quidem
674 3201 870 3269 innocentius
891 3202 927 3269 ΙΙΙ
955 3224 1035 3291 papa
1061 3224 1097 3268 eo
1125 3224 1303 3294 progressus
1332 3217 1378 3271 est
1405 3207 1607 3293 arrogantiae,
1644 3219 1680 3271 nt
1803 3205 1804 3276 l

353 3312 514 3402 praedicati
535 3309 775 3377 Occidentalibus
797 3313 917 3401 populis
939 3311 1083 3401 evangelii
1103 3311 1221 3393 landes,
1246 3312 1394 3379 detractas
1417 3336 1435 3379 a
1456 3313 1578 3401 reliquis
1602 3336 1680 3402 apo-
1803 3335 1804 3394 j

355 3420 438 3488 stolis
460 3423 491 3485 in
512 3419 634 3486 Petrum
656 3417 811 3486 conferret
1803 3487 1804 3498 χ

441 3525 603 3594 Iacobum
626 3527 752 3615 deniqne
766 3526 913 3595 Zebedaei
929 3527 1037 3595 Gallias
1059 3551 1095 3595 ac
1109 3529 1278 3597 Britannias
1293 3532 1398 3595 visisse
1412 3530 1443 3594 in
1458 3526 1553 3619 Flavii
1567 3528 1680 3595 Dextri
1803 3515 1804 3546 ³

354 3636 488 3705 Historia
506 3636 667 3713 invenitur,
691 3656 779 3724 qnam
797 3636 979 3704 aRndcrico
995 3636 1074 3705 Caro
1090 3634 1203 3722 (1625)
1218 3637 1317 3705 ictam
1332 3658 1411 3717 esse,
1431 3638 1494 3724 jam
1508 3636 1680 3707 Henscbins
1803 3611 1804 3662 ³

355 3738 435 3827 (Act.
451 3739 566 3825 Sciret.)
590 3742 811 3811 demonstravit

443 3853 487 3917 lta
509 3872 599 3939 quum
617 3852 680 3938 jam
703 3850 814 3918 dudum
836 3874 891 3941 per
912 3854 1083 3920 universnm
1105 3852 1166 3921 iere
1188 3853 1290 3922 orbem
1311 3852 1505 3943 Evangeliam
1534 3852 1572 3921 ah
1600 3855 1680 3943 ipsis
1803 3897 1804 3906 ι

357 3955 468 4028 Christi
495 3958 646 4047 discipulis
673 3960 875 4049 praedicatum
903 3983 967 4027 esse
995 3961 1177 4041 crederetur,
1206 3962 1302 4029 medio
1331 3982 1405 4029 aevo
1435 3962 1485 4027 alii
1515 3962 1590 4028 alios
1617 3963 1680 4028 sibi
1803 4039 1804 4048 χ

355 4080 498 4156 patronos
521 4066 682 4156 eligebant,
707 4090 783 4157 quos
806 4090 893 4158 qnam
917 4068 1060 4157 plurimas
1081 4084 1176 4137 terras
1198 4070 1304 4137 adiisse
1327 4083 1357 4136 et
1378 4072 1559 4137 convertisse
1573 4084 1679 4160 gentes
1803 4053 1804 4116 ἶ

355 4174 515 4263 lingebant.
550 4174 676 4243 Talibus
699 4179 774 4242 enirn
796 4180 884 4265 nugis
906 4188 967 4243 tam
989 4180 1147 4245 illustrium
1168 4182 1302 4245 virorum
1323 4178 1425 4245 landes
1440 4200 1563 4269 angere,
1587 4199 1679 4268 qnam

355 4306 427 4351 suae
450 4285 575 4373 quisque
598 4285 734 4351 ccclesiae
756 4288 962 4353 anctoritatem
984 4284 1088 4353 fulcire
1111 4288 1169 4354 sibi
1188 4287 1376 4354 videbantur.
1412 4286 1502 4373 Quod
1523 4286 1566 4353 illi
1586 4290 1678 4353 aetati

355 4390 568 4482 ignoscendum
591 4406 644 4460 est.
681 4394 724 4461 At
747 4416 837 4483 quum
859 4416 956 4483 usque
979 4394 1018 4461 ad
1038 4393 1215 4460 hodiemnm
1230 4395 1306 4463 diem
1321 4418 1383 4462 non
1398 4392 1499 4462 deesse
1513 4394 1676 4475 videamus,

357 4504 408 4590 qui
430 4513 493 4567 tum
516 4500 580 4567 aliis
604 4501 747 4589 ejusmodi
770 4502 877 4569 fabulis
901 4524 1002 4570 aurern
1024 4503 1201 4593 praebeant,
1224 4517 1289 4572 tum
1311 4504 1351 4571 ad
1371 4526 1465 4571 unnm
1485 4503 1560 4569 illud
1576 4504 1678 4569 Theo·
1803 4533 1804 4538 ¹

357 4607 454 4675 doreti
480 4621 620 4698 tanquam
644 4609 849 4677 adminiculum
871 4610 1070 4678 firmissimum
1092 4612 1202 4690 adnisi,
1233 4613 1366 4681 aPaulo
1393 4615 1490 4702 primo
1513 4612 1677 4678 doctrinam
1803 4617 1804 4648 ⁴

357 4716 545 4784 christianam
571 4718 746 4786 Britonibus
778 4742 840 4787 esse
868 4719 1067 4809 praedicatam
1096 4721 1291 4801 contendant,
1325 4742 1383 4789 nos
1418 4721 1538 4812 quidem
1564 4734 1676 4790 tantam
1803 4745 1804 4752 ¹

358 4824 558 4895 credulitatem
582 4840 611 4897 et
632 4826 774 4897 historiae
795 4830 941 4899 inscitiam
962 4832 1063 4900 mirari
1086 4834 1158 4901 satis
1179 4852 1241 4900 non
1261 4850 1429 4921 possnmm.
