3642 5309
269 1748 346 1877 Ad
370 1806 640 1899 perscrutandam
664 1808 890 1901 antiquitatem
916 1787 1099 1901 quicunque
1123 1806 1268 1877 studium
1293 1806 1478 1893 contulerit,
1509 1806 1589 1878 nihil

269 1944 378 2033 potius
404 1940 540 2027 habeto,
571 1964 670 2036 quam
699 1952 739 2012 ut
762 1964 783 2011 a
807 1941 1041 2013 recentioribus
1065 1944 1264 2013 remetiores
1288 1940 1396 2013 fontes
1422 1940 1590 2035 diligenter

271 2084 426 2145 secernat
478 2074 567 2155 Quae
598 2098 729 2147 summa
758 2075 917 2146 historiae
948 2074 1004 2144 lex
1034 2078 1069 2145 in
1100 2074 1299 2168 explicandis
1329 2075 1589 2146 Britannicarum

273 2207 480 2279 eeclesiarum
504 2208 688 2303 primordiis
713 2208 778 2280 buc
802 2230 908 2302 nsque
928 2207 1076 2301 neglecta
1095 2219 1153 2279 est
1195 2208 1244 2278 Illi
1263 2211 1346 2279 enim
1363 2231 1503 2302 quorum
1520 2231 1589 2279 ma·

269 2343 361 2411 xima
382 2342 458 2413 laus
483 2354 534 2414 cst
558 2346 592 2415 in
616 2346 757 2415 vetustis
782 2341 923 2435 undique
948 2340 1134 2435 colligendis
1159 2345 1394 2427 monumentis,
1421 2340 1473 2412 bis
1495 2342 1590 2412 nulla

268 2485 451 2568 temporum
476 2475 675 2548 diversitatis
699 2480 825 2549 ratione
848 2475 963 2546 habita
981 2478 1036 2546 usi
1054 2486 1141 2545 sunt
1177 2475 1273 2545 Medii
1290 2487 1401 2546 autem
1418 2478 1492 2545 acri
1509 2479 1590 2547 scri·

269 2619 379 2701 ptores
398 2608 484 2681 falsa
500 2614 589 2681 veris
607 2610 772 2682 miscendo
798 2620 830 2680 et
847 2608 889 2679 ad
906 2611 1055 2701 ipsorum
1072 2620 1214 2679 aetatem
1231 2631 1315 2703 quae
1331 2609 1496 2701 prioribus
1518 2632 1590 2681 cve·

270 2753 386 2811 nerunt
409 2742 550 2813 saeculis
575 2742 733 2811 metiendo
760 2764 858 2833 quam
878 2744 1044 2811 maximas
1063 2742 1217 2810 ecclesiae
1234 2741 1419 2832 primordiis
1436 2742 1588 2814 tenebras

269 2873 485 2945 obduxerunt
523 2874 611 2952 Quos
629 2874 683 2944 vel
706 2884 823 2944 nostra
845 2882 952 2943 aetate
978 2883 1071 2957 sunt,
1096 2875 1152 2965 qui
1176 2872 1274 2944 duces
1300 2876 1393 2967 sequi
1413 2876 1449 2945 in
1468 2896 1589 2969 magna

267 3018 476 3077 vetustorum
500 3006 638 3079 fontium
662 3011 828 3100 paucitate
852 3030 916 3077 non
943 3005 1098 3076 dubitent.
1140 3004 1205 3077 Alii
1221 3030 1300 3078 vcro
1326 3029 1410 3101 quae
1432 3019 1590 3102 perpetua

268 3152 348 3212 sunt
366 3140 526 3211 oblivione
539 3139 673 3226 obruta,
693 3141 897 3235 conjecturis,
916 3152 956 3210 ut
972 3151 1106 3234 putant,
1125 3144 1159 3209 in
1175 3140 1282 3211 lucem
1300 3163 1436 3212 evocare
1453 3141 1588 3227 malunt,

268 3296 368 3367 quam
390 3276 541 3367 ignorare
566 3296 602 3347 sc
627 3272 665 3343 dc
688 3276 806 3367 priscis
825 3272 1028 3365 temporibus
1046 3273 1151 3343 fateri.
1188 3274 1323 3343 Plurimi
1341 3274 1491 3368 denique,
1514 3275 1590 3345 licet

268 3408 437 3501 rejecerint
467 3406 568 3477 aniles
600 3409 819 3500 posteriorum
850 3405 997 3490 fabulas,
1030 3417 1140 3476 tamen
1172 3429 1215 3476 ex
1244 3409 1375 3478 incertis
1404 3407 1589 3478 corumdem

268 3542 416 3632 scriptis,
450 3561 533 3632 quac
562 3543 644 3633 ipsis
672 3538 920 3633 (foedaverint,
954 3551 1093 3632 carpunt
1119 3549 1152 3610 ct
1182 3538 1344 3633 colligant
1396 3541 1588 3619 Quomodo

268 3695 385 3743 vercor
406 3694 448 3744 ne
471 3672 525 3743 rel
548 3672 734 3743 mendosior
760 3672 878 3743 evadat
903 3674 1050 3743 historia
1095 3672 1201 3753 Quum
1224 3672 1360 3743 veroid
1385 3685 1519 3767 agatur,
1551 3686 1590 3744 nt

267 3828 348 3877 vera
378 3809 580 3899 antiquitatis
611 3808 723 3900 imago
756 3810 976 3899 exprimatur,
1007 3829 1110 3900 neque
1143 3806 1242 3876 rivuli
1268 3807 1476 3878 consectandi
1500 3820 1588 3894 sunt,

266 3961 370 4031 neque
395 3961 438 4009 cx
460 3942 562 4009 variis
586 3943 682 4011 varia
708 3940 923 4033 scriptoribus
950 3939 1127 4033 carpenda,
1159 3939 1217 4010 scd
1241 3939 1455 4013 hauriendum
1478 3947 1588 4037 potius

268 4095 289 4141 a
313 4070 459 4143 fontibus
492 4084 558 4157 est,
592 4084 623 4143 et
649 4096 732 4168 quae
757 4077 801 4144 sit
826 4076 984 4169 cujusque
1012 4077 1158 4145 auctoris
1181 4072 1306 4145 indoles
1330 4097 1370 4145 ac
1395 4074 1475 4147 fides
1499 4077 1589 4148 inda·

269 4203 420 4298 gaudum.

355 4339 424 4411 Nos
441 4343 551 4433 igitur,
577 4364 678 4435 quum
696 4341 751 4411 alii
769 4341 908 4411 abarum
927 4340 1138 4411 eeclesiarum
1154 4339 1331 4432 primordia
1342 4340 1414 4434 jam
1431 4344 1464 4411 in
1482 4342 1586 4414 lucem

269 4476 449 4557 evocarint,
475 4476 509 4542 in
526 4474 729 4545 Britannicae
754 4476 981 4567 antiquitatem
1006 4471 1227 4543 elucidandam
1249 4473 1431 4567 impendere
1455 4499 1587 4569 operam

266 4605 361 4677 nobis
387 4608 628 4700 proposuimus.
674 4606 745 4687 Qua
769 4611 803 4676 in
827 4630 862 4677 re
887 4606 1028 4677 ebenum
1054 4616 1106 4676 est
1129 4629 1150 4675 a
1174 4590 1309 4677 consilio
1333 4617 1466 4694 nostro,
1492 4609 1587 4679 medii

267 4742 340 4810 aeri
358 4740 411 4811 vel
434 4744 649 4812 recentiorum
673 4744 872 4833 scriptorum
896 4740 1014 4824 libros,
1041 4742 1096 4833 qui
1113 4739 1178 4809 hue
1198 4748 1360 4851 spectent,
1388 4760 1584 4823 enumerare,
