3642 5309
611 270 968 409 mmmm
1397 322 1445 407 M

135 522 166 579 et
185 528 242 600 qao
264 523 397 599 tempora
418 512 547 601 primm
569 506 735 577 inhabitata
756 508 846 577 merit
867 501 1070 593 (Britannia),
1100 501 1256 573 dicendum
1278 519 1336 586 est,
1366 508 1450 597 qood

132 623 164 685 in
179 618 254 685 Bcda
275 640 337 685 non
359 620 511 686 inventum
533 618 564 685 in
583 616 667 685 aliis
688 616 888 685 summias
910 618 1028 705 reperi«
1057 608 1148 697 (coni.
1163 613 1240 681 Hiss,
1252 612 1303 682 Br.
1325 636 1390 705 cap.
1402 617 1448 683 111.
1494 604 1501 615 ⁸

130 724 207 814 §10
221 738 250 793 ct
263 722 344 811 cot).
378 726 485 795 Paucis
508 726 576 794 dein
599 726 713 794 chda
736 730 855 804 sumtis,
879 727 923 791 sic
944 726 1057 813 pergit:
1086 721 1232 812 »Siquis
1255 735 1353 790 autem
1373 726 1450 791 scire

130 834 270 913 sciuris,
294 856 356 924 quo
377 848 512 924 tempora
533 837 662 923 primum
684 834 819 902 habitata
840 832 984 899 Hibernia
1006 830 1111 911 fuerit,
1135 831 1180 898 dcv
1193 830 1253 897 hor
1272 832 1347 897 nihil
1369 832 1450 920 apud

131 938 324 1009 venerabilem
338 940 450 1011 Bedam
463 944 518 1011 sed
531 942 613 1032 apud
628 942 797 1031 quandam
812 938 985 1007 authorem
998 942 1117 1028 κρατί*
1135 934 1185 1021 (Η.
1195 939 1230 1005 Β.
1244 940 1263 1025 9
1277 938 1318 1005 13
1329 952 1360 1005 ct
1370 937 1450 1024 tat).

132 1050 209 1116 Tum
228 1049 422 1141 Guortigerni
448 1054 593 1119 incestum
621 1050 750 1119 referens
779 1050 876 1127 addit,
912 1046 1043 1114 »dicitur
1067 1069 1085 1113 a
1107 1046 1306 1137 quibusdam«
1334 1044 1391 1131 (H.
1414 1048 1449 1115 B.

133 1156 205 1244 §3¹
220 1170 251 1224 ct
265 1171 321 1225 cet
344 1180 371 1227 c.
386 1156 538 1244 XXVIX).
584 1159 710 1227 Arthuri
738 1158 865 1248 deniqne
891 1178 940 1223 res
966 1167 1066 1246 gestas
1096 1176 1235 1223 enarrans
1263 1156 1380 1223 »hacc«
1409 1158 1452 1223 ait

140 1263 233 1332 »belia
254 1280 285 1333 st
305 1267 373 1334 loca
393 1267 539 1337 hederam
559 1280 661 1337 narrat
687 1265 811 1335 meldos
834 1251 1162 1351 historioqrapkum

217 1370 388 1443 Henrc'eus
409 1376 518 1465 icium
537 1374 621 1443 hacc
642 1374 680 1444 ia
701 1370 788 1441 libro
812 1372 855 1441 ab
871 1370 1031 1440 Historia
1052 1371 1194 1441 &uerso
1211 1371 1383 1443 icamiam
1396 1371 1449 1441 ui-

135 1476 238 1549 auco.
282 1480 363 1551 Usus
384 1497 431 1552 est
449 1498 549 1551 ¹autem
572 1483 673 1551 codice
695 1482 841 1549 Vaticano
863 1482 1020 1549 simillimo.

221 1588 406 1677 Galsridm
427 1586 691 1661 Mosconnum
720 1588 847 1679 deniquo
876 1589 1014 1657 Germani
1039 1590 1182 1659 miracula
1208 1612 1248 1659 ex
1273 1588 1350 1659 Bias.
1373 1589 1448 1659 Brit

135 1692 233 1784 (531.
255 1698 376 1787 XXIX)
396 1702 501 1769 rotulis
527 1722 647 1791 ›qam‹
675 1700 717 1767 sit
744 1695 893 1766 »audac
921 1698 955 1765 in
980 1711 1112 1767 tractatu
1137 1720 1194 1767 suo
1214 1700 1366 1767 luculento
1388 1722 1450 1783 sco

136 1826 215 1873 noas
236 1812 410 1876 tractavit«

222 1912 333 1999 Qucum
356 1914 464 2009 iqiircr
484 1916 574 1985 ister
596 1914 671 1983 XII
689 1910 819 1984 emonii
847 1914 1034 2002 scriptores
1061 1916 1104 1984 de
1124 1912 1304 1984 Ηίπονίαο
1331 1926 1451 1985 mttere

135 2022 259 2091 omme
280 2026 490 2108 cacumineris,
511 2022 734 2093 ccuuiuimt
754 2044 836 2091 erro
858 2024 958 2091 codd.
982 2024 1136 2093 cauom
1157 2043 1277 2095 nomm
1298 2046 1368 2095 raon
1390 2046 1449 2093 ea·-

143 2126 284 2214 meant,
307 2128 396 2201 hamc
415 2150 561 2221 prorsus
583 2133 733 2223 synceram
754 2131 1169 2218 emmerammianos&

216 2241 317 2327 Qum
345 2236 451 2310 deinde
477 2264 540 2310 non
567 2241 663 2309 solua
691 2252 788 2320 actas,
819 2261 878 2330 qna
905 2243 1016 2330 scripta
1036 2238 1128 2307 iussit
1149 2241 1296 2321 Historia,
1325 2262 1364 2308 cx
1385 2242 1450 2330 ipsa

140 2344 333 2439 cognoscenda
356 2354 411 2430 sit,
434 2350 488 2419 ssd
508 2364 540 2418 at
560 2350 653 2417 multa
668 2362 839 2428 occurrant,
863 2368 954 2439 quac,
977 2348 1098 2438 quando
1112 2348 1352 2428 fuerintadtssta,
1376 2352 1452 2415 scire

138 2462 233 2525 summi
255 2462 297 2525 sit
317 2462 473 2538 momenti,
496 2460 631 2548 quaudo
653 2466 689 2525 et
709 2456 870 2525 Historia
891 2457 939 2524 sii
959 2456 1145 2543 composita
1167 2466 1203 2525 et
1221 2458 1325 2525 uarie
1347 2478 1371 2523 a
1391 2476 1452 2523 um-

139 2565 194 2631 riis
214 2564 369 2635 meanis
392 2568 548 2656 adjectu,
572 2570 733 2657 quaeritur.
771 2565 817 2632 Dc
840 2586 900 2656 qno
925 2587 1016 2655 qaum
1039 2568 1115 2632 inter
1136 2569 1313 2633 recentiores
1335 2569 1452 2633 minime

139 2686 259 2755 constet,
296 2672 423 2742 calcidi
450 2675 548 2740 denuo
576 2686 647 2741 suut
674 2672 844 2759 indagandi.
892 2672 1026 2756 Quorum
1054 2686 1137 2739 tauta
1165 2687 1211 2740 est
1239 2673 1394 2739 diversitas
1421 2684 1452 2738 es

137 2782 280 2861 confusio,
308 2796 345 2849 ut
372 2780 409 2847 dc
430 2776 612 2847 muccis
635 2790 715 2845 terta
737 2790 904 2866 temporum
925 2782 1042 2844 ratione
1063 2779 1197 2869 plerique
1220 2779 1448 2867 desperaverint

136 2888 172 2953 At
191 2889 265 2955 isac
285 2890 352 2977 ipsa
374 2888 530 2955 diversius
550 2900 583 2955 ct
605 2886 802 2976 discrepantia
823 2884 932 2951 indicia
952 2886 1042 2952 uobis
1063 2885 1250 2976 suppeditat,
1274 2908 1313 2953 ex
1330 2887 1449 2977 quibus,

137 2998 297 3081 momodo
320 2993 407 3063 liber
428 2993 545 3085 qualia
567 3015 656 3063 uscue
677 3002 811 3078 ccccm,
838 2992 1010 3080 puttluiim
1030 2996 1198 3076 evaserit,
1227 2980 1469 3085 cognoscamus.¹

134 3098 219 3171 Scor
239 3110 352 3171 acum
374 3101 466 3171 uliae
488 3104 638 3171 saccone
660 3104 790 3190 maius,
819 3099 1038 3170 librariorum
1061 3103 1326 3190 computationes
1348 3099 1449 3170 adae.

133 3208 240 3279 Harum
274 3211 386 3299 duplex
415 3224 461 3279 cst
488 3232 597 3301 genum
627 3230 776 3277 annornm
804 3210 943 3289 alterurn,
981 3212 1090 3300 quibus
1117 3212 1231 3279 librarii
1258 3216 1449 3301 scripserunt,

38 3408 39 3411 Ἴ
133 3318 253 3385 alterum
275 3318 471 3397 calculorum,
501 3322 553 3408 qui
582 3318 621 3385 ad
648 3320 743 3407 ipsum
771 3320 920 3406 pertinent
940 3318 1105 3385 historiam.
1149 3316 1190 3386 m
1209 3323 1306 3409 primo
1328 3319 1366 3387 dc
1388 3317 1451 3385 lat

133 3423 324 3495 mmiomcm
349 3428 447 3495 arnus
476 3424 660 3494 disseremus.
706 3426 910 3493 Recentissimi
937 3424 1029 3514 hujus
1055 3430 1172 3517 generis
1200 3428 1304 3496 cuculi
1325 3431 1360 3495 iu
1382 3426 1450 3495 cod.
1598 3450 1605 3460 ·

38 3616 39 3625 ἵ
133 3528 274 3602 Vaticano
297 3536 498 3601 inveniuntur.

218 3643 238 3729 ᾖ
252 3640 275 3708 4
296 3638 321 3725 (l
341 3641 426 3727 Gala)
455 3664 492 3708 »a
511 3639 595 3709 Pasa.
612 3638 724 3712 Christi
745 3645 858 3731 peracti
879 3654 952 3710 sant
973 3645 1042 3709 anui
1064 3640 1145 3723 946,
1169 3643 1208 3711 ab
1221 3638 1336 3712 incarn
1353 3656 1450 3715 autem

133 3748 193 3834 ejus
217 3762 289 3817 sunt
310 3772 337 3816 a.
353 3747 419 3817 976
442 3762 472 3815 ct
494 3752 615 3839 quintus
637 3772 731 3817 annus
746 3750 914 3817 Eadmuudi
934 3756 1014 3842 regis
1028 3752 1226 3842 Anglorumr
1264 3754 1308 3821 lta
1322 3755 1450 3823 edoctas

138 3876 202 3925 ann.
227 3854 290 3923 831
316 3856 354 3923 ab
375 3856 434 3923 inc.
457 3854 515 3923 Do.
539 3859 643 3948 quiin
665 3858 732 3925 cod.
756 3856 836 3926 Harl.
860 3871 974 3939 exstat,
997 3858 1129 3927 mumius
1151 3874 1206 3928 est.

219 3965 238 4051 5
254 3963 293 4031 31
312 3960 459 4050 (XXVIII)
482 3964 656 4053 »Regnante
673 3964 853 4033 Gratianoll
874 3966 1024 4057 Equantio
1039 3967 1175 4036 Saxones
1198 3992 1217 4037 a
1235 3967 1449 4061 Guorthigimo

135 4076 259 4162 amcspti
282 4095 308 4139 a.
325 4070 389 4139 347
407 4072 573 4160 postPass
589 4073 698 4140 Domr
727 4074 774 4141 his
797 4096 873 4163 quas
894 4078 928 4141 in
949 4076 1070 4166 reliquis
1093 4098 1214 4167 quoque
1235 4078 1323 4145 codd.
1345 4079 1449 4169 legun·

135 4188 195 4259 ur,
223 4180 340 4248 addidit
360 4178 499 4247 librarius
528 4204 567 4248 sa
587 4194 733 4271 tompore,
763 4204 825 4272 quo
854 4181 1039 4251 advenerunt
1066 4188 1163 4274 primo
1196 4185 1234 4251 ad
1257 4186 1449 4277 Bryianniam

39 4294 40 4339 3
137 4282 266 4355 Saxones
288 4310 384 4379 usqua
406 4288 445 4355 ad
465 4292 592 4378 primum
614 4292 729 4380 imperii
752 4312 861 4359 anuum
884 4290 1042 4359 eadmundi
1065 4290 1145 4372 642,
1173 4293 1213 4360 ad
1233 4294 1314 4364 huns
1334 4296 1365 4362 iu
1388 4316 1448 4387 quo

136 4412 187 4460 nos
209 4397 364 4465 scribimus
386 4417 480 4464 annos
502 4398 660 4465 traditione
683 4401 832 4468 saniorum
847 4398 914 4469 647
930 4400 1100 4483 didicimus,
1124 4402 1236 4493 quippe
1257 4405 1313 4471 ists
1334 4406 1449 4494 imperii

139 4505 252 4587 quintus
275 4505 416 4573 antedicti
438 4508 515 4595 regis
538 4521 583 4574 cst
604 4529 730 4577 annus«

220 4610 296 4700 566
318 4609 420 4699 (Guuu
440 4612 497 4681 snb
516 4613 615 4701 mem)
637 4614 774 4686 Saxones
796 4611 1046 4709 sGuorthigirno
1068 4642 1087 4685 a
1105 4617 1192 4687 Pass.
1206 4613 1293 4688 Dom.
1310 4616 1375 4687 347
1397 4644 1448 4689 su·

139 4724 225 4808 sccpci
251 4735 337 4801 sunt,
366 4722 405 4789 ad
433 4724 512 4790 hunc
540 4746 627 4815 quem
656 4748 736 4794 nunc
763 4726 922 4795 scribimus
949 4751 975 4795 a.
995 4724 1060 4795 647
1083 4747 1279 4795 numeramus.
1324 4730 1368 4798 lta
1388 4731 1446 4811 iiis,

141 4830 186 4913 qui
205 4830 293 4919 jussu
321 4830 451 4922 collegii,
480 4832 562 4925 quod
587 4832 895 4906 Recordcommisaion
922 4850 1032 4907 vocant
1051 4836 1229 4906 Vaticanum
1257 4836 1325 4906 cod.
1348 4837 1446 4907 denuo
