3642 5309
639 350 705 399 car.
724 352 767 399 ιιι.
808 350 992 400 auscium.
1425 328 1475 401 37

148 526 207 596 per
228 504 273 572 40
295 506 359 572 dies
385 526 421 569 ae
445 517 546 571 noctes
570 518 600 570 et
623 502 788 592 jejunando
810 526 865 592 per
887 502 906 568 3
932 502 995 568 dies
1016 514 1178 590 noctesque
1201 514 1371 569 convertere
1393 504 1476 569 illurn

147 614 260 681 studet.
296 614 408 699 Quarta
431 612 556 702 denique
580 612 627 677 die
649 634 704 677 arx
721 610 934 699 Gucrtlrigemi
956 614 1024 699 igne
1047 609 1084 675 de
1106 609 1189 675 coelo
1212 613 1302 676 misso
1327 615 1473 700 cumipse

146 722 307 787 combusta
339 735 393 787 est.
440 720 541 808 Longe
570 719 654 785 aliter
677 718 778 785 Gildas
807 733 837 785 et
858 718 940 785 Beda
966 718 1003 785 dc
1025 718 1246 807 Guorthigernc
1268 734 1473 787 narraverunt.

146 829 211 895 Sed
234 832 312 895 inter
332 832 418 895 istius
440 850 544 894 manus
567 830 720 915 scriptoris
744 830 843 893 omnia
865 830 896 892 in
918 827 1034 893 fabulas
1057 840 1127 893 sunt
1140 849 1236 892 versa.
1268 827 1336 893 Huc
1358 841 1387 893 et
1400 828 1475 894 illud

143 941 296 1025 pertinere
324 938 395 1002 milri
424 937 557 1013 videtur,
589 935 671 1024 quod
690 934 914 1025 'Guorthigerni
943 958 982 1001 ex
1009 934 1069 999 lilia
1096 934 1174 999 iilius
1196 935 1325 1001 Faustus
1354 936 1473 1006 ‘locum

144 1068 288 1135 magnum
310 1068 401 1134 super
422 1048 515 1133 ripam
538 1044 667 1111 fluminis
690 1042 772 1133 quod
795 1056 922 1109 vocatur
935 1042 1046 1109 Renis‹
1076 1041 1244 1108 condidisse
1264 1042 1368 1122 fertur,
1392 1044 1474 1133 quod

144 1154 256 1221 dubito
281 1176 318 1220 an
341 1176 379 1218 ex
393 1154 496 1220 Fausti
513 1152 643 1219 Britonis
659 1152 744 1230 Vita,
770 1154 821 1242 qui
836 1150 927 1217 Renis
950 1154 981 1217 in
997 1149 1092 1217 Gallia
1109 1154 1319 1218 monasterium
1333 1150 1473 1219 fundasse
1577 1196 1583 1207 ·

143 1261 267 1340 dicitnr,
290 1261 380 1328 luerit
400 1274 537 1328 sumtum.

238 1368 288 1435 Sic
311 1372 403 1459 igitur
419 1370 555 1435 Britones
577 1365 700 1435 aGallis
723 1388 784 1433 non
807 1388 903 1456 pauce
924 1380 994 1433 sunt
1008 1371 1149 1445 mutuati,
1174 1366 1212 1433 ab
1227 1366 1473 1435 Hiberniensibns

143 1491 246 1544 autem
276 1500 371 1567 quum
397 1480 451 1545 alia
479 1477 571 1543 multa
598 1490 662 1543 tum
689 1476 763 1541 illud
786 1475 822 1541 de
844 1472 1001 1541 Patricio
1025 1470 1057 1562 (ξ
1072 1471 1216 1559 50-55)
1239 1474 1276 1542 de
1298 1497 1358 1565 quo
1381 1499 1473 1566 supra

139 1590 200 1675 jam
228 1585 358 1652 diximus
381 1599 411 1651 ιι
431 1586 517 1673 plura
540 1585 655 1651 dicendi
677 1584 753 1651 infra
775 1585 860 1650 locus
884 1588 950 1650 erit.

237 1694 318 1780 Quid
339 1697 430 1783 igitur
450 1692 582 1759 Historia
604 1694 760 1759 Britcnum
787 1692 890 1770 babet,
922 1690 1005 1780 quod
1026 1691 1114 1759 nobis
1138 1694 1186 1758 rel
1207 1714 1319 1761 novum
1340 1696 1394 1773 sit,
1425 1695 1473 1761 vel

144 1806 212 1869 usui
244 1803 331 1869 alicui
360 1824 422 1867 esse
448 1801 566 1890 possiti
598 1800 679 1867 Nihil
706 1798 841 1890 prolecto
867 1802 926 1865 nisi
947 1799 1022 1879 boc,
1050 1813 1086 1866 nt
1107 1804 1211 1867 aetatis
1234 1803 1320 1869 istius
1342 1799 1471 1868 indolem

144 1913 374 2000 perspiciamus,
404 1909 486 1999 quod
513 1908 594 1975 haud
621 1910 708 1998 parvi
734 1922 781 1975 est
803 1907 980 1975 ducendum.
1028 1907 1130 1976 Omnis
1153 1910 1213 1976 lere
1235 1923 1308 1977 tunc
1329 1914 1472 1998 temporis

144 2042 244 2085 rerum
279 2021 419 2084 memoria
447 2030 615 2084 evanuerat.
662 2017 741 2083 Vera
769 2015 877 2083 fabulis
906 2015 1122 2095 miscebantur,
1159 2017 1397 2085 obscurabantur
1423 2041 1471 2086 res

148 2128 325 2215 gloriatione
346 2150 438 2205 vana,
467 2139 556 2216 atque
583 2129 628 2191 ira
649 2126 697 2192 vel
724 2125 824 2192 studio
852 2146 977 2213 prorsus
1005 2111 1262 2212 pervertebantur.
1305 2125 1340 2191 ld
1368 2129 1470 2215 potius

149 2238 171 2299 in
192 2234 403 2322 componenda
426 2236 551 2300 historia
573 2234 731 2323 agebatur,
759 2246 793 2298 ut
816 2231 1032 2298 delectarentur
1053 2232 1103 2299 illa
1124 2234 1300 2321 populares,
1326 2255 1414 2322 quam
1434 2249 1471 2302 ut

144 2344 349 2409 edocerentur.
395 2344 492 2409 Tanta
515 2355 559 2410 est
581 2345 611 2407 in
634 2341 765 2408 Historia
788 2340 944 2407 Britcnum
966 2353 1134 2428 temporum
1156 2345 1286 2421 inscitia,
1316 2344 1470 2410 narrandi·

144 2474 200 2539 que
231 2451 351 2528 levitas,
380 2464 415 2517 ut
444 2453 500 2517 alia
527 2450 657 2539 ejusdem
679 2452 795 2541 generis
817 2451 944 2537 scripta,
974 2452 998 2514 si
1022 2471 1082 2539 qua
1103 2449 1227 2530 luerint,
1255 2448 1372 2541 perdita
1394 2474 1467 2531 esse,

144 2582 205 2623 non
229 2559 379 2647 estquod
402 2558 562 2625 doleamus.

233 2666 395 2755 Hucusque
418 2666 455 2733 de
474 2688 573 2733 rerum
588 2666 823 2731 Britannicarum
845 2665 1154 2751 scriptoribus'sermo
1170 2668 1236 2735 luit.
1270 2670 1468 2736 Transeamus

138 2776 200 2863 jam
226 2775 264 2841 ad
286 2776 399 2863 reliqua
421 2794 495 2863 quae
518 2785 636 2841 exeunt
657 2772 804 2839 Historiae
827 2784 1024 2838 monumenta.

414 3082 505 3172 Cur.
527 3080 593 3171 IV.
640 3078 884 3171 ANNALES
919 3079 1195 3183 CAMBRIAE.

234 3314 346 3383 Omitto
369 3316 498 3383 Annales
520 3318 697 3381 recentiores
720 3327 755 3381 ut
777 3312 948 3381 Chronicon
964 3314 1135 3403 Principum
1157 3336 1210 3380 seu
1224 3314 1300 3381 Brut
1314 3337 1336 3403 y
1351 3316 1467 3407 Tywy-

139 3430 268 3517 sagien,
294 3423 375 3513 quod
391 3421 544 3490 Caradoco
567 3446 722 3512 perperam
744 3422 924 3488 adscribitur
944 3443 998 3487 nec
1021 3424 1078 3487 nisi
1094 3421 1218 3488 Gallridi
1232 3422 1382 3490 Historiae
1396 3448 1467 3491 con·

138 3538 270 3601 tinuatio
294 3545 339 3597 est
367 3527 416 3613 (cl.
445 3531 542 3598 Petrie
570 3532 702 3597 Menum.
731 3530 807 3598 Hist.
839 3530 911 3595 Biit
935 3525 1087 3613 Praesat).
1133 3529 1237 3619 Neque
1265 3532 1315 3596 alii
1336 3532 1466 3601 Annales

137 3644 334 3711 Menevenses
357 3662 461 3727 nempe
484 3641 591 3728 aliique
614 3637 778 3723 (Wharton
793 3638 902 3727 Anglia
924 3660 1008 3703 sacra
1022 3638 1061 3718 ll,
1079 3634 1157 3722 648)
1180 3661 1307 3728 qucrm
1330 3655 1466 3709 auctores

138 3747 373 3819 Cambrensibus
397 3760 430 3813 ut
451 3746 641 3815 fundamento
666 3751 712 3813 usi
735 3748 826 3813 multa
850 3745 1030 3812 addiderunt
1052 3747 1110 3813 hoe
1132 3747 1199 3812 loco
1222 3748 1370 3815 tractandi
1384 3765 1463 3817 sunt.

137 3861 208 3925 Huc
231 3856 287 3922 soli
309 3858 472 3944 pertinent,
497 3859 547 3944 qui
570 3860 764 3945 antiquissimi
787 3868 871 3935 sunt,
896 3848 1048 3921 Annales
1068 3852 1254 3955 cantuae.
1292 3856 1355 3923 llos
1378 3882 1466 3926 accu-

137 3970 287 4035 ratissime
313 3966 499 4051 transcripsit
526 3964 623 4030 Petrie
650 3959 744 4049 (Mon.
769 3986 798 4051 p.
816 3960 904 4047 830).
950 3963 1079 4030 Exstant
1107 3977 1174 4030 ante
1202 3964 1363 4033 Historiam
1389 3968 1462 4036 Hrit.

137 4080 168 4142 in
195 4072 307 4142 Codice
329 4072 436 4137 Harlei.
461 4069 546 4139 3859
577 4072 613 4139 de
643 4094 703 4161 quo
727 4094 817 4159 supra
841 4069 980 4138 diximus.
1026 4073 1086 4139 Alii
1109 4073 1226 4140 codices
1248 4075 1340 4141 multo
1364 4098 1464 4144 recen·

137 4189 233 4251 tiores
262 4179 353 4245 multa
381 4178 579 4246 additamenta
608 4194 638 4247 et
663 4182 901 4247 continuationes
924 4181 1083 4247 Annalium
1105 4181 1262 4262 exhibent,
1292 4204 1368 4271 quae
1388 4188 1462 4253 nihil

138 4294 177 4359 ad
201 4311 258 4357 nor
281 4290 414 4353 attinent.
450 4284 610 4355 Continent
630 4303 729 4356 antem
745 4290 873 4355 Annales
896 4290 1053 4357 historiam
1069 4286 1225 4357 Cambriae
1247 4291 1286 4358 ab
1307 4315 1385 4360 anno
1400 4282 1461 4362 sere

138 4394 333 4471 tut-954.
363 4396 543 4484 Tempcrum
566 4400 642 4463 ratio
667 4410 711 4463 est
732 4398 954 4485 simplicissima.
988 4398 1157 4486 Repetitum
1178 4412 1224 4465 est
1246 4403 1322 4466 enim
1336 4402 1459 4471 verbum

139 4510 211 4573 anni
235 4528 269 4570 ac
293 4502 423 4571 decimus
446 4509 570 4595 quisque
594 4527 687 4573 annus
710 4508 838 4571 numeris
861 4508 991 4571 romanis
1013 4503 1064 4590 (X,
1078 4506 1148 4587 XX,
1164 4506 1254 4575 XXX
1270 4521 1300 4575 et
1313 4507 1383 4595 ιιι.)
1404 4535 1460 4578 no·

139 4628 238 4692 tatus,
268 4636 302 4679 ac
325 4616 350 4679 si
373 4614 446 4703 quid
467 4615 607 4680 memoria
631 4614 751 4702 dignum
774 4612 875 4693 luerit,
903 4616 986 4679 annis
1009 4612 1191 4705 adscriptum
1212 4630 1265 4683 est.
1310 4612 1394 4687 Hanc
1417 4622 1456 4690 cb

140 4722 246 4789 calculi
274 4722 487 4811 simplicitatem
510 4722 639 4789 Annales
667 4723 741 4789 istos
768 4734 836 4789 ante
858 4744 967 4787 annum
988 4720 1070 4802 831,
1101 4745 1159 4813 quo
1183 4718 1233 4808 (cl.
1253 4724 1356 4816 supra)
1378 4731 1458 4796 Aera

140 4832 268 4923 Dionys.
293 4829 330 4897 ad
352 4829 512 4899 Historiam
541 4841 646 4918 coepta
675 4841 720 4897 cat
746 4828 894 4909 adhiberi,
923 4832 1079 4901 inchoatos
1106 4832 1197 4902 luisse
1223 4835 1379 4931 probabile
1403 4852 1457 4913 est.
