3642 5309
332 330 382 407 84
816 360 883 409 oar.
901 360 946 408 ιιι.
986 358 1071 409 nrsr.
1089 360 1169 409 anm.

421 509 517 577 Aliter
544 506 632 576 codd.
655 507 747 599 vesp.
771 509 799 577 D
820 509 900 579 Nero
923 511 951 579 D
979 512 1088 602 aliique
1121 524 1285 602 »regnanto
1305 507 1487 579 Marciaco
1514 509 1665 591 secundo,

334 617 454 706 quando
478 617 615 685 Saxones
639 632 668 685 et
691 630 768 685 cet·

422 727 454 792 In
477 748 622 795 annorum
644 749 717 793 vero
740 730 963 815 computatione
984 732 1113 797 maxima
1135 741 1182 797 est
1202 726 1366 795 differentia

467 834 502 919 a)
536 836 573 902 A.
582 835 649 901 Ρ.[)
673 834 738 901 337
764 835 839 904 Cod.
856 837 947 925 Vesp.
969 838 1092 919 mxu,
1115 836 1195 905 Nero
1218 838 1256 918 0,
1270 836 1370 906 XXV.

468 941 501 1027 b)
586 966 601 999 s
673 940 736 1011 347
760 940 861 1011 Harl.
880 940 911 1009 V
909 945 989 1013 alic.

470 1049 502 1135 c)
587 1073 603 1107 s
675 1049 739 1118 343
764 1050 890 1121 Cantah.

466 1154 504 1241 d)
589 1180 604 1215 s
674 1157 742 1225 400
764 1160 846 1249 apud
869 1160 1020 1229 Galacum.

470 1263 502 1351 e)
588 1289 603 1323 a
674 1265 739 1335 447
764 1265 840 1335 Cod.
857 1268 985 1338 Cantah.
1009 1290 1102 1359 supra
1123 1267 1291 1359 descriptus
1312 1265 1349 1355 (l.
1367 1268 1448 1360 apud
1463 1267 1569 1356 Stes).

463 1370 501 1457 f)
588 1404 601 1435 ι
672 1372 739 1441 448
762 1374 879 1442 cotti
903 1400 951 1466 ap.
969 1376 1052 1445 Stev.

420 1482 452 1547 ln
464 1483 676 1571 antiquissimis
691 1485 784 1571 igitur
798 1482 952 1551 codicibus
967 1509 993 1553 a.
1006 1483 1070 1551 847
1082 1484 1198 1552 A.P.D
1211 1484 1353 1552 Gratiano
1368 1485 1500 1553 0000000
1511 1486 1662 1574 Equantio

332 1612 419 1669 coss„
443 1592 475 1655 in
493 1590 709 1657 recentioribus
732 1590 798 1659 447
820 1594 968 1660 Martiano
989 1597 1168 1682 imperatore
1184 1592 1321 1661 Saxones
1340 1593 1494 1660 advenisse
1513 1592 1660 1659 feruntur.

331 1700 447 1764 Horum
472 1696 584 1785 duplex
599 1711 645 1764 ost
659 1720 750 1767 error.
786 1700 855 1768 Non
870 1714 986 1769 mutum
1000 1721 1131 1767 summae
1145 1714 1312 1789 temporum
1327 1702 1459 1769 inscitiae
1474 1714 1529 1779 est,
1552 1722 1662 1766 aunum

331 1804 395 1873 447
408 1804 452 1872 A.
458 1802 544 1870 P.D
558 1801 655 1894 (qnod
669 1830 770 1874 omnes
786 1808 912 1894 hahent)
927 1810 1069 1876 adventui
1079 1808 1236 1876 Saxonum
1251 1810 1391 1889 tribucre,
1407 1809 1460 1875 secl
1475 1832 1513 1875 ne
1527 1821 1662 1875 correcto

332 1914 451 2004 quidem
466 1936 566 1980 errore
582 1938 676 1982 annus
691 1915 756 1983 447
769 1917 869 1985 Α.Ι.0
881 1918 1022 1984 Martiani
1037 1921 1141 1996 aetati,
1158 1916 1245 2007 quem
1260 1939 1400 2008 regnasse
1413 1930 1531 1985 constat
1545 1917 1583 1984 ab
1595 1916 1663 1982 450

331 2020 473 2100 001453,
498 2026 645 2090 convenit.
680 2022 761 2091 Noae
783 2024 899 2092 deluo
924 2025 1006 2112 quiec
1024 2024 1110 2091 tace
1123 2026 1175 2092 iia
1189 2028 1372 2093 secandam
1384 2023 1518 2091 Bcdnm
1529 2025 1664 2112 fuerint

332 2138 482 2213 musaea,
503 2140 586 2197 acto
608 2139 721 2199 taenea
748 2128 943 2213 »ARD«,
967 2154 1038 2221 qua
1057 2142 1159 2201 masat
1177 2132 1385 2223 neqle'qeaata‘o
1406 2154 1474 2201 seon
1495 2142 1660 2199 cors-soso.

422 2238 581 2307 Gratianus
596 2262 667 2307 vero
682 2241 718 2306 lll
734 2254 763 2307 et
773 2241 935 2331 Aequitius
949 2234 1027 2309 eos's.
1043 2240 1165 2307 luerunt
1176 2243 1332 2309 Ammiano
1343 2242 1515 2309 Marcellino
1529 2254 1662 2319 anctore,

332 2348 452 2438 qnando
468 2348 693 2416 Valentinianus
716 2361 853 2414 mortuus
877 2359 922 2415 est
944 2356 973 2415 ai
991 2346 1055 2415 375
1079 2350 1127 2415 vel
1150 2349 1225 2418 373.

420 2454 519 2523 Haec
546 2456 653 2545 iqitacr
681 2456 866 2542 scriptoris
891 2454 1179 2542 scitamenta,
1208 2453 1369 2523 Saxones
1392 2456 1574 2525 ademtae
1593 2454 1659 2522 347

331 2562 467 2630 A.P.D
489 2564 511 2629 ἱ.
526 2584 554 2628 e.
577 2584 606 2629 o.
622 2562 777 2630 377-80
791 2561 833 2629 A.
841 2561 869 2628 1.
877 2562 923 2629 D.
959 2563 1048 2648 Quod
1070 2587 1138 2630 cum
1154 2565 1310 2630 Ammiano
1332 2588 1393 2631 non
1415 2566 1490 2632 male
1512 2568 1660 2642 convenit,

331 2676 383 2762 qui
406 2672 444 2739 ad
468 2695 495 2738 a.
512 2668 578 2739 304
601 2671 702 2738 A.l.l)
725 2671 878 2737 Pictorum
901 2670 1119 2762 Saxonumqne
1139 2674 1310 2738 invasiones
1332 2673 1431 2740 relert

421 2781 563 2847 Venimus
585 2779 624 2845 ad
647 2776 747 2847 aliud
766 2777 977 2854 calculorum
998 2800 1119 2867 qenes,
1144 2784 1196 2870 qui
1218 2803 1279 2847 non
1302 2781 1475 2848 aPassione
1495 2781 1543 2848 vel
1564 2783 1662 2847 locar-

330 2891 450 2955 natione
474 2886 586 2954 Christi
614 2886 666 2952 sed
697 2888 734 2953 ab
758 2888 816 2953 alio
840 2887 970 2976 quodam
994 2902 1103 2955 eventu
1125 2888 1313 2954 inchoantur.
1359 2890 1457 2976 Hujus
1479 2892 1595 2979 generis
1617 2904 1664 2954 est

332 2993 539 3081 computatio
562 2993 637 3081 §27
655 2989 778 3076 (XXV).
817 2994 862 3061 lbi
886 2999 1063 3061 enumeratis
1087 2994 1108 3061 3
1129 2995 1333 3062 Romanorum
1355 2997 1586 3083 imperatoribus
1609 2997 1662 3061 acl·

332 3104 429 3171 (litura
464 3102 640 3189 »hucusque
667 3113 869 3189 regnaverunt
889 3100 1019 3169 Romani
1041 3103 1123 3192 apud
1145 3103 1283 3169 Britoncs
1305 3101 1371 3168 403
1394 3125 1520 3169 annos·
1562 3105 1663 3188 Quum

331 3224 429 3279 autem
447 3208 561 3293 ‚ibidem
580 3206 690 3276 Cacsar
712 3207 867 3275 advenisse
890 3230 918 3275 a.
934 3208 977 3275 47
1000 3223 1069 3276 ante
1087 3208 1239 3278 Christum
1261 3223 1394 3298 putetur,
1418 3233 1548 3277 cessasse
1569 3215 1663 3300 impe·

330 3323 408 3387 rium
437 3318 605 3384 Romanum
635 3320 667 3383 in
691 3316 846 3383 Britannia
874 3340 900 3383 a.
922 3316 988 3384 362
1018 3322 1161 3408 sequitur.
1208 3317 1346 3385 Saxones
1374 3332 1472 3386 antem
1499 3319 1663 3387 seeundum

331 3428 409 3493 hanc
432 3426 682 3515 computationem
708 3422 838 3492 15-18
861 3430 946 3493 annis
968 3441 1039 3516 post
1059 3426 1253 3493 advenerunt.
1294 3427 1363 3493 Non
1385 3440 1484 3493 tamen
1504 3428 1663 3494 verisimile

333 3548 393 3613 est,
418 3535 456 3601 ab
479 3533 584 3601 codem
607 3532 662 3600 hos
685 3534 814 3600 calculos
830 3534 996 3602 subductos
1011 3556 1084 3600 esse.
1119 3535 1140 3620 §
1155 3531 1209 3612 30,
1224 3534 1338 3600 xxvtt
1351 3537 1429 3600 enim
1443 3533 1577 3601 34-40
1592 3537 1663 3602 anni

335 3645 460 3731 tempori
481 3642 656 3709 tribuuntur
678 3664 739 3732 quo
761 3641 963 3727 legationibus
986 3642 1193 3708 aBritonihns
1215 3644 1313 3707 missis
1333 3642 1462 3708 Romani
1483 3644 1596 3710 auxilio
1612 3666 1663 3709 ve·

332 3764 450 3818 nerunt.
483 3750 527 3817 lbi
540 3749 668 3816 Romani
683 3753 800 3816 venisse
815 3762 845 3816 et
859 3749 983 3817 rediisse
998 3749 1139 3815 dicuntur
1152 3772 1207 3838 per
1220 3748 1287 3816 443
1303 3771 1397 3816 annos
1412 3748 1502 3833 (Cotl
1515 3751 1600 3836 Vat.)
1615 3754 1663 3817 vel

332 3858 399 3929 448
414 3859 461 3925 vel
475 3856 541 3926 443
565 3854 661 3949 (quod
681 3860 782 3947 plures
806 3857 919 3924 hahent
934 3854 1045 3941 codol).
1081 3858 1183 3923 Lectio
1197 3857 1279 3923 Harl.
1296 3858 1364 3926 sod.
1379 3856 1446 3924 848
1461 3871 1591 3925 erratum
1606 3873 1661 3926 cst

334 3968 489 4037 Saxonum
513 3987 584 4058 ergo
607 3966 769 4045 adventus,
793 3969 819 4031 si
841 3966 879 4033 ab
903 3988 931 4033 a.
946 3964 990 4032 47
1009 3975 1079 4032 ante
1094 3964 1244 4032 Christum
1260 3966 1405 4033 calculum
1419 3966 1661 4047 subduxerimus,

334 4077 470 4145 inciderit
491 4081 523 4143 in
545 4099 572 4143 a.
589 4072 792 4155 396-402;
817 4073 900 4164 quod
921 4073 984 4140 lere
1005 4076 1146 4163 congruit
1168 4096 1236 4140 eum
1258 4070 1392 4141 auleolo
1414 4072 1508 4161 516,
1523 4073 1579 4154 xl,
1610 4079 1663 4165 qui

224 4248 227 4255 .
333 4208 412 4253 unus
441 4208 479 4253 ex
507 4188 719 4275 antiquissimis
749 4198 802 4251 est
849 4184 893 4251 lbi
922 4183 961 4250 ab
990 4182 1122 4250 adventu
1150 4180 1305 4249 Saxonum
1331 4204 1429 4273 usquo
1457 4181 1496 4249 acl
1523 4196 1662 4274 quartum

335 4294 472 4361 Mermini
494 4318 603 4362 annum
625 4297 695 4359 anni
717 4291 782 4359 423
808 4306 1017 4372 numerantur3
1041 4315 1059 4358 a
1080 4290 1204 4358 Nativit.
1219 4291 1276 4358 llo.
1300 4289 1339 4358 ad
1355 4291 1516 4359 Patricium
1537 4290 1620 4373 405,
1644 4316 1662 4359 0

334 4417 431 4473 roomo
452 4403 533 4471 Patr.
563 4402 602 4471 ad
630 4401 745 4469 obitum
774 4400 820 4469 St.
841 4400 981 4489 Brigidas
1002 4398 1062 4481 00,
1093 4398 1234 4469 allatis.
1258 4398 1324 4467 Col.
1353 4400 1392 4467 ad
1413 4401 1495 4491 Brig.
1518 4413 1605 4468 mort
1628 4400 1660 4468 4.

335 4512 416 4579 Haec
430 4524 549 4601 praeter
569 4514 695 4600 primam
716 4523 805 4577 notae
827 4508 865 4577 ab
889 4508 1045 4576 annalibus
1058 4507 1304 4575 Hiberniensibus
1327 4508 1451 4577 haustae
1472 4522 1544 4577 sunt
1565 4509 1662 4577 diver·

335 4622 377 4687 sis
404 4622 512 4710 partim
540 4619 578 4687 ah
607 4622 659 4699 iis,
691 4622 743 4710 qui
771 4616 861 4685 hodie
890 4630 1025 4697 exstant,
1054 4620 1086 4684 in
1115 4616 1224 4708 quihus
1246 4638 1327 4685 mors
1348 4618 1469 4685 Patulcii
1491 4618 1531 4685 sd
1551 4640 1578 4685 a
1594 4616 1660 4685 436

334 4728 471 4809 refertur,
495 4726 634 4818 Brigidac
649 4726 688 4795 ad
702 4724 778 4794 523.
811 4726 855 4794 At
867 4726 909 4792 tv
924 4727 1060 4793 Mermini
1074 4748 1153 4793 anno
1168 4740 1300 4818 tempus,
1323 4746 1386 4817 quo
1400 4730 1533 4816 scripsit,
1557 4741 1662 4795 auctor

334 4837 455 4906 indicat.
503 4837 669 4909 Annalibus
698 4835 854 4905 Cambriao
880 4836 1008 4905 testibus
1035 4836 1162 4907 Mcrmin
1188 4848 1325 4905 mortuns
1353 4848 1398 4905 est
1423 4832 1506 4919 844;
1537 4858 1660 4927 regnare
