3642 5309
330 320 382 399 58
788 346 855 401 err.
873 346 943 399 vnc
978 346 1105 399 aurun.
1125 344 1196 398 non.

328 501 384 567 lem
407 522 425 566 c
446 512 573 577 exeunt,
603 498 787 568 »Memoria«
816 521 887 567 vero
911 522 950 567 err
969 496 1154 587 ssstrophis,
1178 518 1304 587 quamn
1325 518 1381 565 sex
1401 498 1449 565 vel
1470 511 1538 566 octo
1561 520 1659 589 quae·

329 630 386 698 que
408 607 500 675 hahet
521 629 625 675 versus
649 610 787 675 extremis
811 607 910 675 verbis
933 608 1066 678 similiter
1086 618 1241 686 mucules,
1272 619 1303 675 et
1330 629 1368 675 ex
1388 606 1584 694 Antistrophe
1607 618 1660 680 cst

328 720 494 805 composita
516 738 591 806 quse
612 730 683 805 post
705 716 838 805 singulos
860 716 1001 804 strophas
1023 728 1069 783 est
1089 718 1225 805 repetita·
1271 712 1327 785 cet
1355 717 1476 781 carmini
1498 736 1589 804 quum
1613 717 1658 781 si·

328 825 478 891 millimum
501 827 540 890 sit
562 822 634 890 illud
658 823 694 891 de
711 822 864 913 Comgnllo
881 819 966 907 (ld),
988 846 1051 889 non
1071 822 1194 902 dubito,
1218 824 1291 912 quin
1313 822 1416 895 eodem
1438 822 1499 889 sere
1519 835 1658 910 tempore

328 932 417 999 fuerit
444 934 648 1021 compositum.
693 930 749 999 Est
781 944 935 1019 praeterea
968 930 1201 1019 alphabeticum,
1235 930 1319 1021 quod
1345 933 1486 1019 ignorans
1513 930 1658 997 librarius

328 1038 483 1107 Bohiensis
505 1038 698 1107 »Christum«
721 1053 750 1107 et
771 1040 964 1129 nttynnun«
986 1039 1043 1106 suh
1067 1042 1204 1106 carminis
1225 1038 1313 1105 finem
1334 1040 1455 1126 scripsit
1474 1060 1531 1126 pro
1545 1038 1657 1111 Xristo

328 1160 359 1215 et
379 1148 489 1217 Ymno.
535 1147 637 1215 Eidem
660 1148 786 1237 denique
810 1151 899 1215 retati
922 1168 1039 1216 carmen
1061 1168 1181 1235 quoque
1204 1145 1241 1213 de
1263 1146 1393 1212 Patricio
1415 1139 1486 1227 (13)
1508 1144 1657 1211 attribue·

326 1259 397 1333 rim,
421 1255 503 1346 quod
526 1278 702 1346 qumquam
726 1253 857 1345 syllabae
880 1268 1029 1324 extremae
1044 1258 1106 1321 sint
1119 1254 1289 1330 dissimiles,
1312 1266 1410 1320 tamen
1433 1251 1657 1340 alphabeticum

328 1368 475 1452 elipeum
505 1378 564 1442 cst,
593 1367 673 1431 sicut
700 1362 773 1432 illud
800 1365 879 1431 inter
905 1363 1005 1431 literae
1027 1362 1056 1432 K
1079 1384 1199 1451 quoquc
1220 1360 1312 1429 hahet
1333 1359 1517 1449 eundemque
1538 1359 1657 1430 llhrnrii

329 1495 457 1539 errorem
481 1472 610 1542 exhibet.
657 1472 740 1557 ane
769 1474 897 1539 carmine
925 1475 951 1541 si
977 1492 1046 1537 cum
1069 1469 1247 1537 Columbini
1268 1468 1407 1535 versibus
1429 1467 1655 1547 contulerimus,

329 1585 380 1671 qui
403 1583 474 1646 ortis
496 1582 628 1669 poeticae
650 1579 731 1646 haud
753 1584 874 1669 ignarus
898 1578 969 1658 suit,
999 1580 1070 1646 hnic
1092 1590 1188 1647 aetate
1209 1580 1353 1667 propiore
1374 1598 1453 1655 esse,
1482 1596 1559 1664 quae
1580 1587 1657 1643 sunt

326 1689 417 1777 paulo
434 1684 694 1777 elegantioreffld.
713 1684 786 1754 106.
806 1683 870 1770 ld.)
886 1688 1051 1754 recentiora
1067 1708 1154 1765 vero,
1178 1708 1306 1775 quorum
1327 1684 1467 1751 incultius
1490 1696 1536 1749 est
1556 1705 1654 1772 genus

326 1794 392 1880 (ld.
418 1794 468 1863 15.
492 1795 611 1865 8-12.
634 1796 664 1863 2.
688 1792 732 1877 3.)
755 1796 978 1881 conjecerimuc
1024 1792 1175 1859 Patricie'
1201 1812 1283 1881 erqo
1305 1792 1462 1879 hymnum
1483 1800 1564 1860 ante
1589 1786 1660 1859 VII

326 1901 457 1971 soeculi
476 1904 574 1989 fineen
594 1926 664 1971 non
686 1923 762 1971 esee
784 1904 1003 1989 composition
1022 1898 1202 1988 probabile
1224 1910 1286 1973 cst.
1323 1900 1402 1967 Huic
1418 1921 1489 1965 vero
1504 1902 1655 1967 recentior

327 2012 433 2101 aliquis
463 2014 542 2081 hunc
571 2034 689 2079 versum
717 2034 734 2078 a
757 2012 878 2101 reliquis
900 2012 990 2100 longe
1011 2009 1161 2076 diversum
1182 2008 1312 2075 addidit:
1348 2008 1516 2075 »Patricius
1538 2010 1653 2096 episco-

326 2142 383 2207 pus
402 2114 408 2204 Ι
430 2118 502 2187 Oret
528 2144 584 2209 pro
612 2120 700 2189 nohis
724 2120 861 2187 omnihus
881 2114 948 2205 {tu
969 2118 1125 2184 deleantur
1145 2119 1283 2205 protinus
1301 2109 1309 2199 Ι
1327 2115 1451 2181 Peccata
1474 2136 1550 2204 quse
1572 2137 1652 2181 eom·

326 2232 458 2295 misimus
477 2225 483 2309 Ι
501 2228 622 2297 Petricii
643 2228 746 2295 leudes
766 2227 771 2311 Ι
791 2227 915 2316 Semper
933 2226 1064 2293 dicamus
1083 2221 1090 2309 Ι
1108 2225 1150 2293 Ut
1168 2248 1225 2291 nos
1246 2246 1312 2298 cum
1335 2224 1384 2291 illo
1404 2219 1410 2309 Ι
1430 2223 1555 2313 Semper
1569 2228 1652 2291 viva·

327 2360 423 2405 mus«
463 2337 578 2403 Pariter
600 2334 743 2425 Comgelli
766 2336 877 2425 hymno
901 2334 975 2401 haec
998 2334 1095 2399 soluta
1118 2337 1252 2399 cretione
1274 2334 1385 2421 scripta
1408 2330 1546 2421 adposita
1567 2347 1649 2399 sunt:

334 2446 412 2513 »Per
433 2448 536 2513 merita
557 2458 587 2511 et
610 2448 759 2512 orationes
781 2442 814 2510 S.
838 2440 976 2534 comgilli
997 2441 1125 2511 Ahhatis
1152 2444 1248 2507 nostrl
1271 2462 1372 2506 omnes
1394 2462 1450 2508 uos
1471 2440 1595 2507 Domine
1615 2442 1647 2504 in

327 2566 379 2620 tur
408 2574 480 2639 pace
510 2549 658 2617 custodi«
706 2550 750 2617 De
778 2562 943 2639 martyrum
970 2552 1082 2615 meritis
1111 2547 1189 2615 conl.
1212 2546 1335 2615 collect,
1365 2545 1403 2614 de
1429 2545 1520 2615 ltarr.
1549 2570 1651 2635 supra.

327 2660 533 2729 Hihernicnses
563 2680 635 2725 vero
666 2658 718 2725 Vll
745 2658 854 2725 saeculi
888 2670 1051 2747 martyrum
1085 2658 1323 2724 intercessionem
1356 2656 1511 2723 invocasse
1537 2657 1654 2723 nullum

326 2769 465 2837 indicium
493 2771 668 2833 invenimus.
714 2766 833 2855 Reliqui
861 2765 964 2855 hymni
993 2778 1065 2838 sunt
1092 2764 1252 2854 dogmatici
1280 2785 1357 2853 qnos
1379 2777 1496 2832 vocant
1542 2764 1655 2831 Divina

328 2876 438 2945 Christi
460 2889 565 2943 nature
589 2889 618 2941 et
640 2878 756 2941 trinitas
774 2876 900 2941 maxirne
915 2876 954 2939 iis
968 2886 1093 2942 tractata
1108 2885 1162 2941 cst
1196 2873 1242 2939 De
1257 2869 1425 2957 baptismo
1440 2871 1518 2939 conl.
1530 2871 1655 2961 Hym2

333 2985 508 3071 »Praecepit
527 2995 622 3063 toturn
643 3005 698 3071 per
719 2982 821 3047 orhem
841 2977 848 3064 Ι
867 2982 1018 3069 Bapticari
1038 2980 1175 3047 credulos
1195 2976 1202 3062 Ι
1220 2978 1334 3045 Nomen
1348 2983 1442 3068 petris
1457 2973 1651 3065 invocantes!

327 3090 508 3159 Confitentes
530 3090 621 3155 lilium
641 3086 646 3171 Ι
665 3090 793 3178 Mysticu
815 3087 873 3155 ilde
894 3089 1007 3155 revelat
1025 3083 1031 3173 Ι
1051 3088 1177 3154 Tinctos
1199 3100 1302 3153 sancto
1326 3089 1433 3174 spiritu
1451 3082 1458 3169 Ι
1477 3088 1570 3153 Fonte
1591 3090 1654 3154 tin·

328 3212 392 3267 ctos
415 3202 572 3265 innovatos
598 3193 604 3279 Ι
630 3197 705 3263 filios
734 3196 827 3263 factos
850 3195 940 3263 Dei«
983 3196 1029 3262 De
1052 3216 1158 3263 coerect
1181 3214 1285 3262 sacra
1305 3193 1454 3282 Hymn.8
1482 3194 1562 3261 »Pro
1583 3200 1655 3261 uni·

326 3310 419 3374 versis
439 3300 445 3391 Ι
464 3305 631 3372 immolatus
652 3304 797 3372 Dominus
817 3301 824 3387 Ι
842 3305 906 3393 Ipse
929 3303 1069 3371 sacerdos
1088 3300 1094 3390 Ι
1114 3306 1230 3371 exstitit
1251 3316 1282 3368 et
1302 3302 1433 3370 hostius
1463 3315 1494 3370 ct
1512 3300 1653 3389 Anrtple

330 3413 394 3484 102
423 3414 508 3481 »Hoc
530 3412 646 3483 secrut'o
669 3436 779 3503 corpus
802 3413 922 3479 Domini
950 3426 981 3479 ct
1006 3414 1164 3481 salvatoris
1186 3411 1360 3499 sanguinem
1380 3413 1488 3477 sumite
1509 3411 1598 3480 vohis
1618 3414 1653 3477 in

326 3526 416 3590 vitem
439 3544 605 3611 perennem.
635 3522 794 3609 Alleluja.«
833 3523 866 3588 ln
882 3522 1008 3612 Hymnis
1031 3520 1158 3609 denique
1179 3542 1286 3610 graeca
1301 3517 1445 3608 quaedam
1459 3519 1552 3588 verbu
1572 3517 1652 3604 (zoe,

327 3654 419 3711 zone,
443 3632 527 3720 agios
549 3644 580 3697 et
594 3626 679 3713 eet),
703 3644 873 3697 occurrunt.

417 3738 571 3807 Contiraet
598 3738 706 3829 iqitur
731 3738 843 3807 cedere
865 3735 1045 3808 Rodiensis
1066 3736 1189 3817 cado,
1217 3755 1305 3825 parce
1331 3744 1403 3803 cccc
1428 3753 1474 3802 etc
1494 3730 1650 3801 Boccho·

327 3848 420 3915 rensi
442 3846 590 3935 quodam
613 3843 865 3933 Aeetiphcrecrio
889 3867 991 3934 parom
1012 3866 1060 3913 erc
1083 3842 1265 3913 Gallicano
1280 3840 1419 3911 Bituali
1439 3842 1652 3931 trucum-imo

326 3977 401 4025 esse
427 3955 599 4037 uidentur,
629 3958 699 4044 quin
730 3957 817 4023 etiem
847 3978 885 4021 cx
907 3956 1044 4022 Romano
1072 3966 1171 4021 sumta
1190 3953 1311 4019 videtur
1334 3954 1430 4019 oratio
1452 3950 1488 4017 de
1510 3951 1651 4040 Martyri-

327 4066 385 4131 hus
411 4062 471 4143 90,
507 4062 589 4153 quod
618 4062 741 4131 verbum
770 4066 913 4131 orationis
943 4068 1040 4152 ipsum
1069 4061 1191 4127 indicat.
1237 4060 1272 4127 Si
1305 4059 1468 4137 addideris,
1503 4058 1585 4148 quod
1612 4058 1651 4127 de

327 4174 439 4241 librarii
464 4194 563 4239 errore
585 4194 619 4239 ac
639 4171 678 4240 de
700 4170 767 4239 lihri
790 4171 937 4240 divisione
963 4193 1055 4260 snpra
1081 4170 1226 4247 diximus,
1251 4170 1315 4255 jan
1342 4166 1467 4233 dubium
1494 4190 1556 4233 non
1584 4170 1650 4247 erit,

326 4282 458 4350 codicem
473 4280 550 4348 Boh.
567 4302 662 4371 neque
684 4292 752 4347 unte
774 4304 800 4349 u.
818 4279 881 4348 691
908 4284 1049 4368 scripturn
1072 4300 1168 4367 neque
1188 4280 1334 4363 integrum
1350 4298 1389 4341 ex
1402 4274 1545 4341 Hibernia
1558 4274 1649 4343 luisse

328 4392 461 4467 allatum,
478 4387 530 4456 scd
545 4392 575 4453 in
590 4386 752 4457 Rodiensi
765 4388 970 4455 monasterio
981 4384 1068 4453 VIII
1075 4386 1169 4473 forte
1184 4382 1320 4451 soeculo
1334 4403 1409 4450 esse
1423 4381 1650 4470 compilatum.

417 4498 515 4565 Alium
539 4518 659 4587 quoque
682 4498 828 4565 codicem
841 4493 1057 4576 Bobiensem,
1081 4516 1167 4583 quem
1190 4496 1221 4558 in
1243 4491 1427 4559 Bibliotheca
1448 4492 1506 4557 istc
1520 4492 1650 4566 Ambro-

327 4612 409 4675 sirmc
432 4610 585 4671 inventum
606 4604 750 4673 lllahillon
772 4608 803 4671 in
823 4604 930 4671 Museo
952 4604 1015 4673 ltel.
1032 4626 1060 4669 a.
1078 4600 1162 4669 1687
1185 4603 1299 4690 primns
1322 4598 1429 4678 edidit,
1451 4598 1575 4667 Oconor
1595 4624 1651 4689 pa·

325 4720 400 4783 triae
424 4736 495 4781 sure
516 4712 662 4793 vindicet,
693 4715 778 4801 cujus
804 4714 953 4779 levissime
983 4722 1156 4801 argumente
1183 4732 1246 4775 non
1272 4722 1333 4789 est,
1363 4708 1446 4797 quod
1471 4722 1648 4798 repetamus.

278 4838 282 4847 '
324 4824 390 4897 leur
413 4826 489 4890 enirn
512 4820 657 4892 lllahillon
678 4820 948 4895 sacramentarium
969 4820 1042 4895 illud
1066 4818 1246 4891 Gelllcenuru
1269 4840 1333 4890 csse
1354 4817 1505 4913 praeclare
1527 4816 1648 4891 demor-
