3642 5309
554 1434 646 1528 Car.
664 1436 693 1527 1.
742 1430 944 1527 cunas.

95 1741 337 1877 Antiquissimns
359 1786 516 1855 Britonum
537 1790 667 1877 scriptor
682 1784 784 1855 Gildas
808 1788 931 1854 exstitit
971 1780 1157 1872 fsquando,
1182 1784 1249 1872 quis
1272 1781 1359 1848 etiam
1382 1792 1411 1847 et

96 1896 178 1983 quadis
191 1894 284 1962 fucrit
297 1908 357 1962 tarn
374 1898 491 1985 exejus
507 1898 642 1986 scriptis,
667 1918 755 1986 qnam
771 1918 809 1962 cx
822 1894 1004 1984 pervetustis
1020 1893 1212 1981 cognoscitur
1226 1892 1409 1958 testimoniis.

97 2000 182 2070 Beda
203 2006 320 2091 primus
342 2006 426 2071 testis
449 2017 494 2071 cst
516 2002 698 2082 landandus,
723 2006 775 2092 qui
798 2026 859 2069 non
881 2003 979 2069 solum
1000 2000 1092 2067 multa
1111 1998 1148 2067 ah
1164 2021 1199 2065 eo
1215 2002 1335 2076 sumsit,
1359 1995 1412 2063 sed

98 2114 168 2176 etiam
191 2114 221 2177 in
243 2112 323 2178 ruse
340 2111 461 2192 111111,
478 2112 522 2179 22
544 2112 591 2178 his
614 2112 695 2177 illum
719 2126 870 2179 auctorem
893 2114 966 2177 citat
986 2108 1102 2177 verbis:
1131 2130 1230 2197 »quae
1251 2107 1412 2173 historicus

100 2240 184 2285 eorum
207 2218 316 2288 Gildns
338 2220 428 2287 flehifi
452 2242 586 2287 sermone
609 2217 780 2286 describit·

170 2328 333 2395 Proximus
362 2340 407 2395 cst
428 2325 611 2413 Alcathous,
643 2332 694 2418 qui
723 2330 754 2393 io
777 2328 910 2416 Epistola
933 2325 977 2393 [X
1004 2325 1186 2393 haecdicit:
1216 2324 1360 2414 »Legitur
1382 2325 1412 2388 in

97 2432 160 2501 libro
176 2434 255 2502 Gifdi
272 2436 442 2502 Brittouum
465 2439 689 2528 sapientissimi,
714 2435 797 2525 quod
811 2436 900 2503 iidem
915 2438 973 2524 ipsi
987 2435 1138 2501 Brittones
1153 2446 1278 2523 propter
1292 2435 1411 2520 rapinas

96 2554 119 2607 ct
142 2546 295 2611 auaritiam
324 2546 491 2635 principum
519 2558 644 2634 propter
672 2547 857 2633 iniquitatem
886 2558 916 2611 et
937 2546 1112 2631 injustitiam
1131 2541 1266 2629 judicum
1289 2553 1414 2630 propter

94 2648 220 2719 desidiam
248 2662 287 2719 et*
300 2656 449 2743 pigritiam
472 2654 702 2743 praedicationis
726 2655 936 2741 episcoporum
957 2664 1083 2740 propter
1105 2652 1252 2716 luxuriem
1275 2661 1306 2714 et
1319 2648 1413 2713 malos

92 2776 178 2825 mores
196 2760 308 2849 populi
330 2762 456 2847 patriam
478 2758 703 2847 perdiderunt·
743 2759 822 2823 Idem
838 2763 869 2823 in
883 2758 940 2845 Bp.
953 2758 1020 2824 LIX
1041 2758 1174 2822 »Discite
1190 2756 1413 2843 (11111118τί1-

92 2874 182 2932 tonum
204 2868 459 2955 sapientissimum
483 2880 513 2934 et
533 2864 632 2933 videte
655 2888 694 2933 ex
716 2865 825 2954 quibus
848 2867 947 2932 causis
969 2876 1107 2953 parentes
1122 2862 1292 2929 Brittouum
1314 2859 1414 2951 perdi·

94 2970 188 3041 derunt
208 2996 339 3064 regnum
361 2988 391 3040 et
411 2978 570 3065 patriam«

169 3082 219 3149 Ad
245 3082 319 3148 haec
340 3082 405 3149 Vfll
428 3085 536 3151 saeculi
558 3086 727 3152 testimonia
749 3081 894 3150 accedunt
916 3080 971 3148 Xll
993 3080 1103 3147 saeculi
1126 3083 1295 3170 scriptores.

173 3186 376 3257 Gottietmos
404 3188 708 3259 malmesbiriense
744 3190 877 3281 quidem,
914 3193 967 3279 qui
994 3190 1103 3258 librum
1132 3188 1169 3256 de
1199 3186 1413 3255 Gfastoniensis

93 3296 223 3365 ccclesias
247 3300 423 3387 antiquitate
446 3312 513 3367 ante
536 3323 562 3366 a.
582 3298 667 3367 1126
692 3302 882 3388 conscripsit,
906 3298 1013 3364 haecce
1029 3298 1132 3365 refert:
1156 3293 1413 3381 (6111111296.)

99 3404 185 3471 »Nam
208 3408 289 3472 sient
311 3428 328 3471 a
351 3406 515 3494 majoribus
539 3410 720 3497 accepimus,
753 3406 855 3473 Gildas
878 3428 975 3494 neque
998 3406 1129 3473 insulsus
1151 3428 1247 3494 neque
1269 3404 1413 3471 infacetus

93 3508 262 3592 historicus,
286 3516 334 3581 cui
349 3512 485 3581 Britanni
508 3514 630 3595 debent,
654 3518 679 3580 si
704 3515 776 3605 quid
799 3516 921 3581 notitiae
938 3515 1014 3579 inter
1029 3526 1158 3582 caeteras
1175 3525 1277 3603 gentes
1292 3513 1412 3591 habent,

94 3620 208 3688 muitum
233 3644 378 3688 annorum
400 3621 443 3688 ibi
458 3618 643 3705 (Glastoniae
658 3620 775 3709 nempe)
799 3625 898 3712 exegit
920 3623 979 3688 loci
996 3624 1195 3690 sanctitudine
1213 3634 1325 3709 captus.
1354 3620 1413 3685 lhi-

94 3723 210 3818 demqnc
225 3729 282 3795 AB
293 3727 358 3796 512
382 3728 418 3795 dc
440 3730 538 3796 medio
561 3730 657 3797 factus
674 3733 704 3796 in
718 3744 837 3797 vetusta
854 3730 977 3797 ecclesia
992 3745 1059 3798 ante
1075 3731 1166 3797 altare
1182 3744 1227 3797 est
1241 3729 1406 3816 sepultus«

178 3834 361 3924 Gulfrfdus
389 3834 654 3905 Mouemuteusft
685 3837 806 3918 deinde,
843 3842 895 3928 qui
924 3838 1086 3905 Historiam
1113 3839 1230 3927 Regum
1258 3837 1414 3902 Britonum

94 3962 117 4006 a.
141 3941 224 4011 1117
254 3947 437 4034 composuit,
467 3945 649 4013 haecdicit:
692 3944 787 4013 »Cum
811 3948 904 4013 mnfta
926 3968 1040 4014 mecum
1064 3960 1093 4014 ct
1116 3946 1153 4014 de
1174 3946 1274 4012 multis
1297 3946 1414 4032 saepius

91 4052 183 4118 animo
206 4055 362 4121 revolvens
384 4056 415 4119 iu
439 4052 591 4120 historiam
613 4076 716 4145 regum
733 4055 902 4123 Britanniae
919 4056 1092 4135 inciderem,
1117 4058 1148 4121 in
1169 4058 1274 4121 mirum
1292 4052 1412 4130 contuli,

91 4159 168 4245 quod
190 4163 268 4228 intra
289 4162 466 4228 mentionem
489 4182 577 4251 quam
594 4161 694 4230 Gddas
711 4176 740 4229 ct
754 4162 836 4230 Beda
860 4165 1011 4232 luculento
1028 4176 1159 4231 tractatu
1174 4162 1317 4238 fecerant,
1341 4160 1414 4225 nihil

90 4263 124 4331 dc
151 4268 271 4359 regibus
298 4272 350 4359 qni
372 4283 440 4337 ante
461 4272 692 4337 lucarnationem
717 4270 828 4339 Christi
852 4274 1036 4340 Britanniam
1058 4274 1312 4350 inhabitaverant,
1341 4267 1414 4333 nihil

91 4376 173 4441 ctiam
196 4376 232 4445 de
246 4379 361 4446 Amuro
384 4381 547 4471 ceterisque
570 4380 774 4469 compluribus
798 4383 849 4471 qui
865 4396 937 4473 post
950 4382 1184 4451 lucarnationem
1199 4386 1413 4455 successerunt,

90 4486 291 4572 reperissem«

175 4596 216 4661 Ar
237 4596 285 4664 ille
307 4596 360 4664 ubi
376 4594 491 4666 Gildam
514 4596 649 4687 sequitur
669 4593 757 4681 (Bisa
771 4596 826 4677 Vl,
846 4594 875 4667 1.
890 4600 922 4667 2.
940 4598 985 4686 3.)
1002 4600 1038 4669 da
1053 4613 1175 4667 auctore
1190 4598 1271 4676 silet,
1296 4618 1314 4661 s
1330 4590 1416 4661 Gilda

90 4716 159 4767 vcro
183 4724 257 4795 quae
279 4724 311 4773 se
332 4704 467 4775 hausisse
488 4706 593 4787 refert,
617 4706 655 4774 ah
672 4708 735 4773 aliis
752 4710 866 4775 sumsit.
905 4706 939 4774 11
954 4710 1032 4777 Bist.
1045 4710 1101 4790 Vl,
1122 4707 1162 4777 13
1187 4708 1262 4775 enim
1279 4702 1416 4772 Germani

90 4810 224 4882 miracula
254 4830 386 4899 enarrat,
422 4832 540 4908 »qnae«
575 4814 770 4886 1111611111
798 4818 829 4883 in
858 4828 991 4884 tractatu
1020 4836 1076 4885 sno
1108 4816 1260 4886 luculento
1284 4832 1417 4882 sermone

1153 4922 1168 4977 1
