3642 5309
702 369 769 419 car.
788 370 834 419 rx.
870 370 1043 421 ramerus.
1479 344 1530 422 69

215 518 400 611 argumenta,
430 524 560 589 nitamur
587 533 688 589 retem
723 521 831 588 ‘Dicta
858 521 998 588 Patricii«
1032 516 1110 604 (Lib.
1132 518 1234 606 Ard.):
1275 521 1445 588 »Timorem
1474 523 1529 591 Dei

214 630 303 697 babul
332 628 434 697 ducem
461 633 573 697 itineris
603 633 667 707 rnei¹
686 650 741 717 per
764 624 887 697 Galliam
917 642 1006 717 atque
1031 628 1141 696 ltaliam
1170 644 1200 696 et
1221 643 1276 696 cet.
1306 630 1362 695 deo
1391 634 1522 719 gratias«

214 736 302 819 (conl.
326 737 438 826 supra).
479 738 567 823 Quod
588 737 809 806 consessionem
832 740 926 826 ipsam
949 740 1067 814 attinet,
1092 736 1129 803 dc
1150 737 1400 804 introductione
1417 740 1527 825 primo

213 856 318 934 utque
340 844 552 913 mensione
574 849 765 936 inquiramus.
803 844 856 911 His
879 844 922 911 lbi
944 846 1051 911 nomen
1073 866 1107 910 ac
1129 868 1223 934 genus
1246 859 1277 911 et
1289 849 1414 935 patriam
1430 847 1529 913 verbis

212 954 323 1020 indicet
351 952 436 1041 »Ego
458 954 603 1019 Patricius
626 964 765 1041 peccator
786 954 996 1017 rusticissimus
1115 968 1229 1040 patrem
1252 951 1444 1042 Calpurniam
1467 953 1530 1020 dia-

213 1082 333 1140 conum,
359 1082 445 1127 avum
467 1060 599 1127 Potitnrn
620 1060 827 1148 presbyterum
850 1059 942 1124 babni
965 1061 1017 1147 qui
1037 1059 1096 1125 init
1116 1064 1147 1125 in
1168 1064 1234 1127 vico
1257 1061 1399 1127 Beneuen
1415 1060 1530 1127 Taber-

213 1173 309 1235 aiae.«
349 1168 437 1234 Errat
452 1168 602 1246 Ueserim,
628 1171 679 1257 qui
700 1167 779 1232 bunc
800 1167 898 1231 lacurn
921 1188 985 1232 osee
998 1167 1047 1232 Kil
1061 1167 1181 1235 Patrick
1199 1166 1289 1251 (inter
1301 1168 1531 1235 Dunbritoniam

212 1290 242 1343 et
259 1276 444 1343 Glaesariam
466 1272 567 1358 situm)
590 1276 716 1364 putauit.
750 1274 830 1339 lllaru
853 1276 930 1340 enim
951 1286 1080 1362 partera,
1102 1278 1135 1339 in
1157 1298 1216 1365 qua
1239 1276 1327 1342 bodie
1349 1276 1398 1343 Kil
1412 1276 1531 1344 Pataiclr

212 1398 270 1463 est,
300 1398 371 1451 tunc
399 1383 436 1450 ad
464 1384 614 1451 Pictorum
643 1382 715 1449 fines
746 1385 924 1471 pertinuisse
951 1405 990 1448 ex
1015 1380 1096 1448 Beda
1117 1383 1144 1460 l,
1168 1382 1184 1448 l
1209 1377 1303 1464 (ms
1329 1388 1412 1450 sinus
1441 1388 1530 1451 narie

212 1492 411 1581 permaximus
434 1486 536 1573 (bodio
556 1491 640 1558 Pirtlr
663 1490 699 1557 oi
711 1486 818 1579 Clydo)
841 1492 893 1579 qui
914 1492 1078 1578 antiquitus
1100 1502 1215 1579 gentem
1231 1490 1386 1557 britonum
1409 1493 1531 1559 aPictis

214 1596 422 1684 secernebat«)
445 1602 584 1689 cognosci
601 1600 677 1665 licet
713 1597 811 1686 Prope
826 1600 915 1663 Avoa
930 1597 1054 1663 flauum
1069 1601 1100 1662 ia
1114 1597 1257 1664 Lanarcia
1270 1602 1372 1687 potius
1387 1600 1531 1667 Ronavon

213 1711 301 1775 situm
328 1706 433 1786 fnisse,
463 1706 602 1775 credibile
628 1719 680 1773 eet.
727 1708 769 1773 At
791 1727 882 1795 quum
903 1705 1049 1789 Patricius
1071 1719 1160 1771 natus
1182 1726 1246 1772 esse
1266 1719 1390 1795 putetur
1412 1732 1439 1774 a.
1455 1707 1530 1788 372,

212 1837 300 1882 avum
322 1817 386 1901 ejus
409 1828 475 1882 ante
497 1814 624 1881 medium
638 1814 680 1880 lV
694 1814 841 1881 saeculum
857 1814 899 1881 ibi
915 1816 1027 1880 uixisse
1041 1816 1184 1903 sequitur,
1209 1836 1269 1903 quo
1284 1829 1417 1903 ternpore
1431 1815 1531 1884 Pictos

213 1927 320 1991 ecimus
348 1946 409 1989 non
438 1924 533 1989 solnm
556 1922 712 1989 Albaniam
741 1923 896 1990 australem
926 1925 1072 1996 tenuisse,
1101 1920 1155 1987 sed
1182 1934 1212 1987 et
1232 1922 1411 1989 Londinium
1436 1946 1532 2013 usquc

212 2044 389 2120 penetrasse.
436 2028 497 2096 Sed
523 2030 616 2118 pluria
646 2044 703 2107 est,
738 2032 830 2116 quod
848 2029 1001 2097 Patricia·
1019 2038 1122 2115 putea·
1143 2030 1306 2097 AEcccnam
1325 2030 1438 2116 scisse
1459 2042 1531 2098 trc-

215 2139 323 2218 ditur,
348 2158 434 2205 noue
456 2146 566 2205 mem
584 2137 781 2224 presbyter,
806 2137 948 2227 qnodque
969 2140 1117 2204 seniorum
1133 2140 1242 2203 mentio
1256 2139 1300 2205 fit.
1335 2138 1419 2206 Unde
1432 2144 1532 2229 eequi-

215 2260 271 2324 tur‚
295 2251 326 2311 in
349 2250 405 2312 ista
427 2248 562 2335 regione,
587 2245 711 2312 cPictis
733 2245 883 2332 subjecta,
907 2268 968 2312 non
990 2246 1086 2312 solum
1100 2246 1260 2311 nonnullos
1275 2247 1450 2315 christianae
1462 2248 1532 2316 fidei

215 2355 304 2421 luisse
327 2353 461 2420 addictos
476 2352 527 2419 sed
543 2366 573 2419 et
586 2354 695 2443 gradm
712 2354 924 2421 ecclesiasticos
938 2358 1162 2443 episcoporum,
1186 2354 1445 2443 presbyterorum,
1469 2357 1532 2425 dia·

214 2484 355 2531 cocorum
383 2465 536 2529 institutos
564 2461 656 2551 idque
683 2474 750 2529 ante
778 2460 908 2527 medium
928 2461 971 2527 lV
991 2461 1157 2539 saeculum,
1188 2460 1257 2529 dein
1284 2480 1374 2550 penes
1401 2467 1532 2533 seniores

214 2594 355 2639 eumenem
383 2569 473 2635 luisse
503 2563 593 2650 (coni.
617 2568 696 2633 Nero
718 2569 759 2645 E,
778 2566 809 2649 1)
838 2571 938 2656 eisque
966 2592 1026 2634 non
1049 2570 1193 2635 Albaniae
1220 2582 1336 2635 tantum
1365 2574 1532 2661 episcopos,

213 2680 265 2747 sed
293 2693 323 2746 et
351 2679 508 2746 Hiberniae
537 2678 680 2765 prmissa.
727 2673 870 2763 Sequitur
897 2696 1032 2764 qnoque,
1067 2676 1218 2741 ecelesiam
1245 2680 1332 2743 istam
1359 2679 1532 2746 simillimam

214 2788 313 2853 Hiensi
341 2788 408 2875 plus
432 2807 518 2875 qnam
542 2782 607 2850 200
630 2785 714 2852 annia
742 2794 811 2847 ante
833 2783 908 2847 banc
931 2786 962 2847 in
984 2781 1110 2849 Albania
1134 2786 1324 2849 constitutam
1345 2784 1445 2851 luisse.
1490 2786 1533 2853 At

213 2898 244 2961 ei
267 2898 309 2961 ita
335 2917 367 2960 se
395 2916 442 2960 res
469 2891 573 2970 habet,
601 2889 701 2957 Pictos
731 2890 866 2980 religioni
891 2891 1068 2958 christianae
1095 2890 1138 2957 tv
1159 2892 1276 2958 saeculo
1304 2914 1366 2957 non
1388 2892 1530 2972 offecisse,

212 3004 377 3070 accusaris
401 2998 633 3068 concludendum
657 3011 710 3064 est
758 2996 848 3083 Quod
870 3019 994 3088 prorsus
1016 3009 1166 3090 repugnet
1186 3001 1238 3078 iis,
1267 3022 1344 3089 qnae
1366 2999 1403 3067 dc
1424 3001 1530 3091 bliaya,

212 3114 307 3200 primo
322 3110 502 3176 Australium
519 3108 669 3174 Pictorum
691 3106 827 3195 apostolo
850 3106 933 3173 Beda
955 3110 1078 3196 accepit
1116 3106 1255 3186 Accedit,
1280 3108 1363 3197 qnod
1384 3130 1444 3173 non
1466 3123 1533 3176 tan·

213 3232 275 3286 tum
299 3216 410 3297 Bodas,
434 3220 486 3306 qui
507 3216 622 3306 Ninyre
643 3218 819 3281 mentionem
842 3214 929 3295 lacit,
959 3216 1032 3281 nihil
1055 3218 1174 3282 omnino
1197 3215 1234 3283 de
1255 3216 1307 3282 tali
1330 3216 1450 3285 ecclesia
1471 3230 1532 3285 tra·

214 3326 308 3393 dium
328 3326 400 3405 fuit,
423 3325 476 3393 sod
498 3337 528 3392 ct
549 3345 694 3414 nusquarr
718 3324 754 3391 de
776 3335 894 3391 vetusta
909 3322 1054 3390 Albanica
1077 3324 1198 3391 ecclesia
1218 3322 1380 3413 quidquam
1394 3323 1472 3393 lama
1487 3340 1532 3394 est

213 3434 440 3607 Perhillfflo'bde
463 3539 691 3608 introductione.
734 3536 915 3607 Conclusio
936 3537 1010 3606 haee
1032 3551 1090 3605 est:
1120 3537 1201 3605 »Sed
1223 3560 1330 3628 precor
1344 3539 1531 3609 credentibus

214 3664 243 3716 ot
270 3648 440 3716 umentibus
462 3649 557 3721 Deum
585 3652 754 3738 quicunque
783 3647 921 3738 dignatus
950 3645 1040 3714 luerit
1066 3649 1210 3736 inspicere
1231 3647 1279 3713 vel
1304 3651 1434 3738 recipere
1455 3651 1532 3719 banc

213 3762 403 3847 scripturam,
427 3778 515 3846 quarn
530 3756 674 3823 Patricius
698 3768 835 3846 peccator
857 3754 995 3821 indoctus
1017 3756 1141 3833 scilicet,
1165 3755 1326 3823 Hiberinae
1345 3762 1530 3849 conscripsit,

215 3880 249 3933 ut
269 3888 355 3933 neme
377 3886 508 3955 unquam
530 3863 622 3943 dicat,
649 3863 731 3954 quod
754 3886 818 3931 mea
840 3866 1007 3954 ignorantia
1029 3869 1055 3930 ei
1078 3863 1150 3953 quid
1171 3865 1310 3952 pusillum
1333 3888 1389 3955 ego
1413 3866 1458 3932 vel
1481 3867 1532 3934 de·

206 3976 436 4042 monstraverim
458 3972 619 4039 secundum
642 3969 738 4055 [allai
760 3972 933 4060 placitum«
960 3970 1062 4055 Nerol.
1101 3970 1162 4039 Sed
1185 3971 1376 4039 arbitramini
1389 3988 1419 4041 et
1440 3978 1532 4043 verb·

215 4086 287 4150 sime
314 4080 464 4161 credatur,
495 4081 577 4171 quod
603 4081 714 4147 donum
735 4081 791 4146 Det
813 4080 927 4147 luisset.
972 4080 1012 4146 Et
1032 4083 1105 4147 haec
1127 4093 1173 4146 eet
1195 4080 1340 4147 consessio
1363 4103 1427 4149 mea
1450 4097 1531 4151 ante·

215 4210 302 4280 quam
330 4191 449 4255 moriar,
495 4188 561 4256 Huc
591 4211 683 4280 usqne
706 4190 844 4256 volumen
872 4188 954 4279 qaod
975 4188 1121 4255 Patricius
1148 4210 1237 4255 manu
1266 4192 1441 4279 conscripsit
1465 4214 1528 4259 sua.

214 4298 296 4366 xvu
308 4296 409 4365 Martii
432 4298 478 4364 die
502 4300 659 4366 transimus
682 4311 727 4365 eet
747 4298 893 4365 Patricius
916 4297 955 4364 ad
977 4298 1108 4364 codes«
1545 4298 1550 4304 '

303 4404 439 4474 initium
466 4406 574 4495 ipinc-
603 4405 836 4493 confessionis
865 4416 899 4473 ct
923 4406 1021 4492 finem
1046 4405 1204 4492 ficticium
1231 4426 1324 4490 ease,
1358 4407 1433 4496 quie
1460 4430 1530 4478 acu

215 4512 335 4584 uidet?
365 4515 445 4581 Haec
467 4536 554 4593 vero,
583 4529 619 4581 ut
645 4537 734 4605 saepe
756 4515 841 4593 alias,
870 4513 985 4581 librarii
1010 4537 1073 4581 esso
1095 4514 1306 4593 additamenta,
1335 4515 1419 4585 facilc
1439 4516 1528 4587 nobis

216 4622 473 4713 persuaderemus,
501 4622 571 4690 aciei
598 4622 671 4689 aliu
698 4642 829 4713 quoquc
858 4632 943 4709 apia
966 4622 1015 4690 ad
1035 4624 1258 4710 suspicionem
1275 4624 1471 4710 sedendam
1490 4628 1528 4695 ire

216 4730 414 4799 carram
440 4732 520 4819 ipae
546 4740 731 4800 certarent.
779 4729 890 4799 Omitto
919 4731 1007 4810 illud,
1037 4733 1119 4821 qaod
1147 4734 1197 4799 »in
1220 4732 1268 4800 die
1289 4755 1349 4801 aaa
1370 4756 1465 4825 asqm
1488 4736 1527 4804 ad

218 4838 282 4913 1⁰0
303 4842 451 4913 eradonas
474 4853 504 4907 et
524 4842 555 4909 in
577 4852 664 4911 nocte
686 4862 780 4932 prope
803 4840 955 4915 similiter«
980 4843 1016 4913 iu
1030 4841 1141 4935 frigore
1155 4864 1190 4911 ae
1203 4842 1286 4934 gelu,
1311 4842 1382 4912 dura
1395 4856 1528 4941 pasceret
