3642 5309
679 382 746 432 car.
764 382 797 432 1.
836 382 930 433 1111.
1413 353 1463 434 25

140 537 211 619 VH,
229 534 280 606 18.
303 536 382 616 Vlll‚
400 532 465 622 16.)
489 538 574 627 eique
596 536 751 626 epistolas,
776 556 850 626 quas
873 534 913 601 ad
926 535 1027 600 varios
1049 534 1225 622 scripserat,
1256 532 1392 602 collectas
1415 534 1466 602 de-

141 646 264 713 dicavit.
300 644 411 733 Quanti
432 658 530 712 autem
552 644 634 712 illum
649 644 766 723 lecerit,
789 657 849 710 tam
864 642 1016 733 Epistulae
1031 641 1224 721 antedictae,
1249 663 1335 733 qnam
1349 643 1467 711 Literna

140 754 181 822 ad
204 754 366 821 Firminum
397 749 466 837 (lx,
491 749 544 838 16)
573 752 695 834 docent,
725 756 757 820 io
786 750 896 841 quibus
923 750 1130 819 Constantium
1163 753 1282 817 »virum
1309 753 1466 841 singularis

139 865 271 952 ingenii,
295 862 410 927 consilii
432 861 590 927 salutaris«
620 875 652 928 ct
672 873 727 929 oct
743 874 842 927 vocat.
879 860 912 925 ln
933 859 1029 949 llpist
1051 859 1101 938 111,
1122 856 1139 925 l
1164 879 1236 925 vero
1261 858 1468 927 Constantium

140 970 248 1049 refert,
271 991 363 1060 quum
378 969 528 1059 visigothi
550 969 624 1037 fines
638 969 842 1037 Arvernorum
865 970 1043 1034 invasissent
1062 965 1226 1056 urbemque
1247 982 1469 1057 expugnassent

141 1074 181 1161 (c.
198 1076 365 1161 tto-73)
388 1090 483 1145 aetate
505 1099 640 1167 gravem
664 1078 833 1144 infirmitate
852 1075 986 1163 fragilem
1001 1073 1040 1140 ad
1053 1074 1254 1141 Arvcrnenses
1270 1076 1468 1143 consolandos

140 1188 269 1253 venisse.
315 1186 394 1251 Haec
417 1185 473 1251 ille.
519 1182 580 1252 Sed
603 1205 670 1251 enm
692 1185 792 1252 Vitem
815 1184 954 1253 Germani
975 1183 1023 1248 vel
1044 1181 1198 1271 scripsisse
1219 1184 1267 1250 vel
1288 1186 1468 1273 scripturum

142 1293 251 1373 luisse,
279 1290 421 1361 Sldonius
443 1312 481 1357 nc
502 1291 606 1359 verbo*
620 1292 739 1383 quidem
761 1296 793 1359 in
814 1292 956 1382 Epistolis
979 1303 1047 1357 1111
1069 1313 1096 1358 1.
1119 1289 1186 1358 483
1208 1294 1326 1381 scriptis
1347 1292 1467 1359 indicat

143 1401 228 1469 Beda
251 1400 319 1468 dein
342 1399 379 1467 da
401 1413 522 1468 auctore
539 1401 625 1468 Vitae
646 1414 734 1467 tacet
766 1402 798 1466 ln
820 1401 898 1467 libro
914 1420 986 1467 vero
1009 1397 1046 1465 de
1061 1397 1139 1465 Vitis
1153 1399 1310 1466 illustrium
1325 1400 1467 1481 virorum,

142 1508 259 1575 lsidoro
282 1508 449 1599 adscripto,
472 1510 545 1577 hacc
565 1511 704 1599 legimus:
734 1507 949 1576 »Constantius
965 1510 1123 1597 episcopus
1139 1505 1277 1577 Germani
1291 1510 1383 1575 vitam
1397 1530 1469 1575 con-

143 1620 275 1684 texuit«

234 1725 369 1792 Heiricus
391 1724 519 1816 donique
536 1722 807 1793 Autissiodorensis
830 1727 989 1814 episcopus
1012 1727 1065 1814 qni
1087 1736 1117 1791 ct
1137 1727 1202 1813 ipso
1216 1721 1316 1792 Vitam
1332 1723 1469 1793 Germani

148 1837 316 1922 oomposoit
337 1854 460 1923 eamque
482 1832 590 1901 Garolo
614 1832 708 1902 Galvo
731 1855 758 1900 a.
775 1829 841 1899 876
865 1832 988 1912 dicavit,
1011 1835 1125 1920 primns
1148 1830 1355 1900 Constantium
1370 1834 1467 1926 Lngd.

147 1942 192 2009 bis
214 1942 314 2009 verbis
337 1955 487 2009 auctorem
509 1940 627 2009 laudat:
656 1940 872 2010 »Constantius
887 1939 1043 2030 Lugduni,
1067 1944 1198 2029 impense
1212 1940 1401 2009 doctissimus
1415 1948 1470 2010 im·

148 2050 232 2139 pulsa
257 2051 301 2117 vel
323 2050 462 2140 precibus
485 2047 517 2117 S.
540 2050 683 2117 Patientis
712 2051 775 2137 ejus
801 2062 874 2117 tunc
897 2047 981 2115 urbis
1004 2052 1136 2139 episcopi
1160 2047 1304 2116 Censorio
1328 2054 1469 2142 episcopo

154 2161 286 2249 scripsit·
316 2172 346 2226 et
367 2172 422 2227 cet
436 2208 444 2225 .
458 2208 487 2225 ..
524 2157 614 2245 Quod
634 2158 722 2247 plane
745 2160 883 2247 congruit
905 2179 972 2224 cnm
995 2156 1115 2225 duabus
1137 2158 1270 2247 epistolis
1292 2159 1331 2225 ad
1352 2159 1470 2227 Patien-

152 2280 203 2333 tem
218 2266 317 2357 Lugd.
335 2270 425 2358 cpiso.
450 2280 479 2335 et
495 2263 670 2335 chsurium
686 2266 798 2333 Antias.
816 2268 905 2355 episc.
925 2268 1044 2355 scriptis
1067 2279 1097 2333 et
1110 2267 1255 2357 prologo,
1279 2288 1356 2356 quac
1370 2268 1470 2336 Vitam

147 2376 338 2467 praecedunt.

234 2486 282 2553 Ex
311 2485 358 2553 his
385 2486 478 2576 igitur
498 2484 662 2565 Heiricnm,
682 2503 769 2573 gnae
796 2479 901 2563 relcrt,
929 2484 1069 2551 sumsisse
1096 2504 1208 2551 avaro
1234 2505 1295 2550 non
1318 2484 1470 2555 abborrot.

148 2594 217 2662 Non
243 2606 341 2661 tamen
369 2595 428 2661 boo
455 2616 511 2683 pro
542 2606 622 2659 certo
652 2590 836 2670 affirmarim,
870 2614 962 2681 quum
990 2593 1135 2659 neminem
1162 2594 1266 2674 lateat,
1296 2616 1335 2661 ex
1361 2594 1472 2661 talibus

148 2704 285 2771 librarios
315 2703 394 2769 notis
423 2704 495 2767 satis
523 2701 611 2789 saepo
631 2699 718 2764 fictos
740 2701 944 2787 composuisse
965 2700 1118 2787 prologos.
1164 2700 1226 2766 Sed
1247 2713 1327 2779 esto,
1356 2716 1392 2767 ut
1408 2706 1471 2788 jam

148 2812 283 2879 Heiricus
298 2810 447 2899 Epistulas
470 2820 500 2874 ot
520 2808 679 2897 prologum
700 2807 833 2885 noverit,
856 2818 954 2871 tamen
974 2806 1061 2893 plura
1076 2818 1159 2885 sunt,
1183 2827 1260 2895 quas
1274 2810 1471 2895 suspicionem

148 2932 279 2988 movent.
324 2919 416 2985 Deest
440 2918 517 2983 cuim
538 2928 598 2981 tarn
621 2914 756 3003 Epistola
778 2912 818 2981 ad
840 2912 1018 2981 Gousnrinm
1040 2935 1128 3003 quam
1149 2914 1294 3003 prologos
1316 2916 1347 2980 in
1370 2915 1473 2984 codice

147 3042 278 3097 vetusto.
310 3026 387 3093 Dein
406 3022 558 3113 Epistolao
581 3021 619 3090 nd
633 3022 797 3091 Poticntem
819 3035 925 3089 auctor
938 3021 1038 3089 Vitam
1054 3020 1192 3091 Germani
1221 3021 1473 3092 »obmubrotoor

149 3136 303 3217 silentio,
332 3148 368 3201 ut
395 3154 458 3201 eam
481 3132 528 3199 vol
555 3131 762 3221 praesentibus
790 3130 921 3199 traderet
941 3130 989 3197 vel
1013 3133 1142 3219 posteris
1164 3153 1197 3198 so
1218 3131 1348 3200 scribere
1369 3134 1467 3202 velle·

150 3246 289 3314 declarat.
325 3240 439 3309 Similia
461 3243 491 3307 in
508 3240 638 3329 Prologo
662 3241 800 3331 legimns:
829 3260 904 3307 »uec
926 3260 1032 3305 vereor
1053 3261 1259 3328 persuasorem
1281 3262 1328 3306 mo
1348 3242 1474 3329 hujusce

149 3354 304 3421 ministerii
321 3348 530 3438 judicandum,
557 3356 656 3416 tauto
679 3348 766 3415 enim
780 3353 857 3431 jam
880 3356 1066 3434 conponas
1084 3346 1217 3433 strauere
1239 3347 1414 3417 miracula
1434 3359 1475 3418 ast

151 3462 335 3531 obscurata
352 3478 420 3545 per·
441 3454 608 3525 silentiosa
629 3455 693 3523 aio
710 3452 894 3545 colligatos
909 3454 1072 3544 agnitius
1101 3455 1200 3521 Vitam
1215 3469 1313 3523 autem
1327 3457 1472 3536 ildricus,

152 3592 243 3662 11111
267 3569 412 3638 Germano
442 3562 506 3654 (qui
535 3564 611 3633 obiit
636 3562 756 3648 1450)
780 3563 942 3632 Censurius
970 3565 1161 3631 successisset
1182 3586 1207 3630 1.
1222 3562 1305 3644 190,
1333 3566 1392 3632 boo
1414 3566 1475 3633 lere

152 3702 230 3747 anno
254 3679 394 3766 scriptam
420 3676 553 3763 putavit,
582 3672 729 3739 Bosohius
751 3694 824 3739 vero
848 3666 957 3738 1485
981 3684 1111 3739 statuere
1133 3672 1251 3750 maluit3
1279 3678 1474 3763 nequeenim

153 3802 220 3857 ants
249 3782 363 3852 1183
387 3781 594 3850 Gontantinm
622 3783 776 3870 scripsisse
804 3802 842 3847 ex
865 3777 983 3847 Sidonii
1010 3779 1126 3846 silentio
1152 3801 1207 3846 uec
1228 3780 1322 3846 multo
1344 3795 1416 3869 post
1436 3800 1475 3848 ex

152 3906 295 3984 proveeta
317 3888 484 3958 Constantii
508 3902 601 3957 aetate
624 3889 777 3957 conclusit
813 3887 856 3956 At
877 3891 903 3954 si
927 3885 1120 3955 Constantius
1137 3889 1201 3975 jam
1223 3885 1474 3956 1470111473

160 4001 302 4092 »grandis
326 4011 435 4079 aetate,
458 3998 625 4065 infirmitate
647 3996 780 4087 fragilis·
809 3996 879 4075 luit,
903 4017 975 4061 unm
997 3994 1210 4075 emutilant,
1235 3996 1360 4064 eundem
1375 3996 1475 4064 decem

154 4113 238 4179 annis
259 4121 331 4198 post
351 4130 388 4174 uo
407 4110 602 4197 proposuisse
617 4105 735 4196 quidem
749 4105 850 4172 Vitam
864 4104 942 4171 illam
958 4104 1109 4173 subant
1130 4104 1222 4172 Recto
1237 4107 1314 4173 enim
1329 4104 1475 4173 Bosohius

155 4219 312 4287 Sidonium
339 4218 381 4283 ait
408 4215 482 4282 illud
509 4238 570 4283 non
592 4218 866 4304 praetermissurum
886 4213 978 4281 inisse
1002 4214 1128 4280 silentio.
1173 4213 1223 4281 An
1246 4216 1328 4303 quis,
1358 4216 1385 4280 si
1406 4235 1476 4279 vere

156 4342 261 4395 auotor
287 4325 356 4393 libri
382 4324 454 4403 luit,
484 4344 550 4390 cum
571 4323 644 4389 nihil
667 4321 704 4389 de
726 4336 876 4390 senectute
898 4343 955 4389 sua
977 4320 1088 4389 dixisse
1109 4320 1163 4387 sed
1183 4324 1269 4388 tritas
1291 4325 1363 4389 istas
1386 4344 1476 4387 excu-

156 4439 285 4503 sationes
306 4432 465 4523 protnlisse
486 4434 600 4520 putarit
615 4431 715 4521 qualos
729 4434 760 4497 in
776 4430 912 4521 quolibet
924 4431 995 4497 ficto
1009 4428 1138 4519 prologo
1154 4428 1294 4496 exstenti
1315 4428 1377 4496 Sed
1391 4428 1474 4505 illud,

158 4544 240 4635 quod
268 4541 445 4610 obumbrata
467 4540 583 4607 silentio
606 4541 669 4627 ejus
691 4541 769 4619 vita,
801 4537 883 4629 quod
904 4550 988 4606 tenta
1005 4526 1069 4626 jam
1090 4537 1214 4605 fluxisse
1235 4537 1382 4605 curricula
1404 4549 1476 4603 tem

156 4674 264 4743 porum
287 4649 434 4729 dicuntur,
458 4648 591 4716 lraudam
613 4648 685 4713 mibi
706 4649 778 4714 satis
801 4646 938 4735 detegere
959 4644 1086 4713 videtur.
1127 4645 1199 4731 Quis
1223 4647 1300 4712 enim
1322 4643 1366 4711 35
1381 4666 1476 4713 annos

157 4773 240 4829 tanta
262 4772 428 4849 temporum
450 4756 593 4824 currimla
615 4758 746 4835 vocarit,
770 4757 905 4845 quisnam
919 4757 978 4823 viri
999 4757 1073 4822 tanti
1087 4755 1204 4822 tantulo
1218 4775 1363 4820 annorum
1378 4756 1476 4843 spatio

160 4870 343 4945 obliteratam
366 4890 428 4941 esso
450 4866 619 4939 memoriam
642 4865 700 4936 sibi
721 4864 922 4957 pemnaserit?
950 4864 994 4935 At
1015 4864 1061 4933 bis
1082 4864 1170 4958 plano
1190 4875 1338 4957 repugnat
1358 4861 1476 4937 Sidonii
