3642 5309
611 362 678 412 cer.
696 362 764 411 vm.
801 360 936 413 nossem
954 361 1025 412 sors
1422 338 1474 413 59

155 516 277 593 suevit,
306 528 337 581 et
363 514 400 582 ab
431 514 552 583 ecelesia
571 512 803 581 vesontionensi
829 538 848 579 a
872 512 1058 581 Columbano
1085 513 1163 580 forte
1190 516 1258 603 ipso
1286 512 1476 602 adportatum

156 646 220 691 esse
242 626 381 713 opinatus
404 638 457 691 est.
504 621 561 691 Cui
588 620 725 689 lubenter
753 626 960 701 assentientes,
989 622 1020 689 id
1043 623 1146 689 saltem
1168 642 1225 710 pro
1247 635 1329 689 serto
1351 620 1477 688 affirme-

154 752 237 809 mus,
268 751 313 798 eo
341 730 555 799 limorum
570 730 757 818 pemissio
777 728 842 798 loo
862 730 990 797 rituale
1012 751 1036 797 a
1056 727 1282 797 Rodiensibus
1303 736 1476 816 receptum

152 838 277 923 fuisse.
321 836 533 907 Sieuilliomun
561 848 614 907 est
641 840 728 905 mun
755 846 826 905 taen
848 836 1046 907 horionibus
1068 858 1169 926 quum
1191 846 1263 905 toto
1284 857 1388 905 corsae
1408 836 1476 905 Le·

155 946 327 1013 octonario
342 942 567 1028 musicani,
590 945 778 1033 eiorplicior
797 966 916 1015 vesum
936 944 1000 1013 illo
1022 946 1163 1034 ideoque
1185 944 1366 1033 antiquior.
1397 945 1477 1011 Lon-

154 1076 228 1141 gum
257 1068 302 1121 cst
328 1056 415 1144 plura
442 1056 479 1121 de
507 1057 568 1135 his,
599 1058 710 1145 quippe
741 1076 816 1144 quae
843 1054 882 1119 ad
910 1053 1062 1122 Gallorum
1088 1058 1165 1121 ritus
1190 1066 1339 1142 spectent,
1369 1052 1477 1131 dicere,
1507 1092 1512 1097 ·

156 1161 230 1227 illud
258 1184 330 1228 vero
358 1166 384 1228 si
412 1166 592 1253 compararis
614 1186 680 1229 eum
702 1162 823 1251 reliquis
845 1163 1004 1229 ritualibus
1026 1162 1198 1241 Gallicanis,
1226 1184 1320 1228 unum
1341 1183 1381 1227 ex
1403 1164 1478 1229 euti·

156 1272 305 1358 quissimis
327 1292 406 1349 esse,
430 1284 563 1361 apparet.
609 1269 749 1339 Codicem
772 1283 870 1337 autern
892 1274 924 1335 in
946 1269 1088 1337 Bobiensi
1109 1271 1290 1337 monasterio
1312 1269 1404 1336 fuisse
1425 1291 1478 1335 ex·

155 1392 272 1445 aratum
295 1400 387 1469 quum
409 1402 448 1445 ex
469 1380 618 1447 literarum
640 1378 753 1455 formu,
776 1390 840 1445 tum
855 1401 894 1446 ex
916 1382 1025 1445 amissa
1038 1378 1218 1455 Romensis,
1242 1376 1477 1445 Sacrameutnrio

15 1556 16 1587 Τ
155 1488 340 1575 praeposita,
365 1489 491 1553 maxime
513 1508 584 1553 vero
608 1510 646 1553 ex
668 1486 762 1565 libro,
787 1490 840 1576 qui
866 1486 1042 1553 ›ludicius‹
1071 1499 1212 1564 vocatur,
1235 1485 1292 1552 sub
1315 1485 1403 1551 busur
1425 1484 1479 1551 ad·

150 1596 233 1681 jecto
250 1594 386 1680 concludi
407 1595 483 1661 licet.
518 1592 646 1661 Secutus
669 1606 766 1661 autern
789 1606 834 1660 est
857 1594 994 1661 librarius
1016 1594 1091 1661 iilud
1108 1592 1258 1662 scribendi
1278 1614 1371 1683 genus
1394 1591 1478 1681 quod

155 1699 238 1790 apud
261 1701 360 1768 Gallos
383 1714 455 1768 tune
476 1704 618 1769 usitatum
641 1702 698 1769 luit
720 1698 757 1779 (b
781 1724 837 1791 pro
860 1725 896 1791 p;
921 1726 940 1767 o
963 1724 1019 1791 pro
1042 1725 1079 1780 u3
1102 1706 1112 1767 i
1134 1724 1190 1791 pro
1214 1724 1230 1767 e
1252 1714 1283 1767 et
1297 1698 1375 1784 cet).
1412 1700 1478 1767 sd-

15 1860 16 1873 .
155 1807 219 1875 dita
242 1822 313 1875 suut
333 1810 520 1877 Lectionario
542 1811 709 1877 Exoreismi
730 1824 761 1876 et
781 1808 1023 1888 Benedictioues,
1053 1808 1210 1877 Orationes
1236 1812 1421 1897 vespertinae
1449 1821 1479 1877 ct

155 1918 332 1995 matutinae,
357 1916 424 1983 dein
446 1931 517 2006 post
537 1917 645 1985 librum
676 1915 867 1983 »ludicium«
898 1919 973 1985 eliae
994 1921 1146 1984 orationes
1166 1940 1223 2006 pro
1246 1916 1478 2006 poenitentibus,

15 2052 16 2107 3
155 2027 325 2090 orationum
341 2024 380 2091 ad
395 2024 492 2092 Horas
508 2027 693 2115 explanatio,
718 2024 855 2115 Symboli
877 2039 978 2115 partes
999 2027 1125 2115 singulis
1144 2025 1288 2115 apostolis
1303 2025 1479 2113 adscriptae,

15 2154 16 2177 .
155 2130 262 2199 Canon
284 2136 447 2221 scriptumne
471 2156 571 2203 sacrae
592 2129 648 2217 (dd
664 2135 778 2201 Veteris
794 2135 877 2200 Test.
894 2133 977 2213 libri,
1001 2133 1045 2200 28
1059 2134 1096 2201 N.
1113 2134 1150 2202 T.
1166 2136 1199 2200 in
1213 2154 1340 2223 quonum
1355 2154 1478 2201 numero

15 2240 16 2287 ἒ
162 2238 472 2308 »Sacramentarium«
496 2240 680 2327 collocatur).
714 2241 762 2308 Ex
783 2242 831 2307 bis
846 2242 1072 2309 benedictiones
1094 2255 1124 2309 et
1137 2240 1296 2309 Orationes
1317 2242 1480 2309 simillimae

154 2360 227 2413 suut
249 2346 462 2417 Gallicanarum
484 2348 538 2416 sed
560 2350 819 2428 etRomanarunus
844 2349 927 2417 Orat
942 2372 1015 2417 vero
1032 2349 1266 2417 collectionibus
1279 2350 1479 2417 Bobiensibns

155 2448 206 2533 (et.
219 2454 322 2544 supra)
337 2456 419 2524 baud
434 2458 596 2525 dissimiles.
619 2457 669 2524 Ad
683 2480 739 2523 nos
754 2480 828 2525 vero
842 2480 922 2529 uuus
937 2459 986 2525 ille
1000 2457 1076 2525 liber
1088 2461 1226 2548 pertinet,
1242 2462 1294 2548 qui
1307 2457 1480 2526 inscribitur

244 2561 400 2631 laodicius
420 2565 685 2651 poenitentialia.
719 2568 775 2633 Hie
797 2568 900 2637 similis
924 2581 969 2633 est
982 2568 1060 2634 libro
1076 2560 1114 2632 de
1128 2568 1329 2644 Poeuitentia,
1352 2569 1405 2655 qui
1420 2564 1480 2633 Co·

155 2670 295 2738 lsrmbano
311 2671 497 2739 adscribitur.
519 2672 564 2738 lle
580 2694 640 2761 quo
655 2694 749 2762 aeque
764 2695 798 2739 ac
814 2673 850 2739 de
867 2654 997 2760 ejersderb
1005 2674 1122 2761 Regulo
1136 2695 1231 2761 pauca
1246 2678 1477 2762 praemittamus.

247 2778 446 2847 columbani
466 2777 602 2867 Rsfflslu
623 2784 705 2847 varie
727 2784 759 2845 in
781 2782 872 2846 uariis
895 2779 1049 2848 codicibus
1072 2780 1224 2847 dividitur.
1270 2781 1390 2847 Titulus
1413 2784 1478 2870 qui·

156 2888 222 2955 dem
246 2892 277 2953 iu
300 2888 437 2954 omuibus
452 2887 544 2966 idem,
568 2887 728 2978 eademque
742 2890 838 2977 prima
853 2884 874 2955 6
889 2888 1028 2976 capitula
1063 2886 1125 2955 Sed
1140 2910 1206 2976 cap.
1219 2888 1271 2955 Vll
1286 2884 1337 2971 (de
1351 2887 1479 2979 Synaxil

15 3004 16 3043 l
155 3008 185 3063 et
207 2995 280 3063 nX
300 2995 337 3061 de
359 2994 539 3085 perfectione
561 2996 698 3063 monachi
721 2996 829 3065 desunt
848 2999 880 3063 iu
903 2995 969 3062 cod.
986 2994 1179 3085 Sangallensi,
1204 3020 1268 3086 cap.
1283 2996 1317 3063 X
1332 3009 1430 3064 autem
1447 3000 1478 3063 ie

15 3194 16 3199 ἵ
154 3104 222 3171 eod.
245 3103 379 3171 Holsteu.
403 3106 494 3193 capiti
515 3103 558 3171 lX
581 3104 713 3172 additum
736 3118 795 3182 est,
826 3126 919 3195 quum
945 3107 977 3170 in
1004 3105 1063 3171 boc
1084 3104 1158 3171 ex
1179 3127 1214 3171 ee
1237 3104 1477 3194 comprehendat.

154 3212 267 3303 quibus
288 3212 363 3278 abus
385 3216 416 3278 iu
440 3214 504 3279 aliis
526 3210 613 3279 codd.
629 3214 734 3279 titulus
756 3216 946 3302 praepositus
967 3226 1034 3280 est.-
1059 3212 1235 3281 inscribitur
1253 3216 1331 3281 enim
1346 3213 1480 3302 capitill

156 3318 236 3404 (cod.
259 3315 370 3401 Hobt.)
398 3319 459 3385 »de
482 3319 651 3387 diversitate
674 3322 864 3409 culparum«,
887 3324 920 3387 iu
942 3318 1009 3387 cod.
1032 3318 1190 3387 Oxeubus.
1211 3333 1310 3389 autern
1339 3320 1393 3389 »8.
1412 3320 1477 3388 Col.

15 3442 16 3451 ’
154 3427 268 3515 Regula
292 3426 509 3505 coenobialis«,
533 3429 564 3492 in
587 3428 653 3494 eod.
676 3430 756 3517 Aug.
780 3428 907 3518 denique
937 3427 1032 3517 alleg.
1056 3427 1180 3495 lratrunu
1204 3428 1242 3495 de
1263 3429 1435 3497 Hibernia.s

241 3536 341 3604 Prima
357 3538 456 3625 igitrm
469 3534 599 3623 Regulos
622 3558 691 3625 pars
713 3540 846 3603 eontinet
868 3532 888 3601 6
913 3536 1059 3624 capitula,
1085 3535 1114 3603 1.
1133 3536 1170 3603 de
1188 3536 1372 3615 obedientie,
1395 3536 1426 3603 2.
1443 3536 1480 3605 de

155 3646 372 3723 taciturnitate,
397 3642 427 3710 3.
452 3643 488 3709 de
510 3642 579 3709 cibo
603 3657 632 3710 et
652 3658 742 3733 potu,
766 3645 797 3713 4.
822 3644 859 3711 de
882 3643 1045 3733 cupiffitate
1066 3644 1223 3723 calcanda,
1247 3644 1278 3713 5.
1296 3644 1333 3712 dc
1349 3648 1480 3714 vanitate

157 3750 312 3829 calcanda,
336 3749 367 3820 6.
392 3752 429 3819 de
452 3755 595 3819 mouute.
640 3752 721 3819 Haeo
744 3752 861 3843 quidem
885 3755 971 3842 quasi
993 3751 1184 3819 timdamenta
1205 3766 1285 3819 sunt
1327 3752 1400 3842 Cap.
1417 3754 1480 3821 Vlll

155 3873 185 3926 et
206 3859 248 3925 lX
272 3873 371 3926 autem
391 3860 486 3927 multo
508 3860 657 3949 prolixius
680 3862 881 3949 explicantur,
915 3882 991 3949 quae
1019 3863 1052 3927 in
1080 3856 1102 3927 6
1131 3862 1234 3948 primis
1261 3860 1382 3929 mestus
1409 3875 1480 3929 sunt

15 3966 16 3995 l
155 3980 290 4033 tractata.
328 3968 430 4057 ltaque
453 3968 675 4056 explanationes
698 3970 815 4056 potius,
842 3989 931 4058 mam
952 3967 1088 4037 diversae
1109 3990 1174 4035 esse
1194 3970 1313 4059 regulae
1330 3970 1477 4037 videntur.

157 4074 232 4164 Cap.
255 4074 285 4141 X
308 4073 434 4164 denique
456 4088 491 4142 nt
514 4074 643 4141 diximus
666 4076 748 4143 deest
769 4080 801 4143 iu
825 4077 891 4145 eod.
916 4076 1025 4166 sang„
1054 4079 1085 4141 in
1114 4076 1182 4143 cod.
1205 4076 1303 4144 llolst
1325 4080 1415 4166 capiti
1435 4078 1479 4145 lx

157 4182 379 4250 adnumeratum
402 4195 456 4248 est.
491 4182 571 4249 Haeo
594 4197 691 4251 autem
709 4188 735 4250 si
744 4186 814 4271 jure
830 4184 1016 4253 Columbano
1032 4183 1228 4251 adscribenda
1242 4198 1328 4264 suut,
1350 4209 1415 4275 cap.
1429 4186 1481 4253 Vll

158 4290 194 4357 de
222 4293 331 4381 synaxi
361 4312 379 4355 a
405 4290 526 4357 librario
549 4294 692 4359 insertum
716 4305 776 4372 est3
804 4293 909 4361 turbat
938 4295 1014 4360 euim
1041 4291 1175 4361 ordinem
1201 4314 1315 4370 rerum,
1344 4293 1383 4359 ad
1405 4316 1479 4383 quas

157 4402 273 4465 minime
295 4400 439 4486 pertinen
461 4398 546 4465 stilus
571 4422 691 4490 quoque
711 4399 749 4467 ab
769 4401 833 4467 aliis
849 4402 986 4490 capitulis
1001 4400 1114 4479 differt,
1138 4400 1264 4491 denique
1284 4401 1373 4480 illud,
1397 4401 1480 4491 quod

15 4520 16 4605 ᾗ
157 4510 261 4595 incipit
289 4506 355 4571 »De
377 4508 486 4595 synaxi
509 4529 602 4594 ergo«
637 4508 706 4574 licet
733 4508 807 4575 nibil
835 4509 871 4574 ds
900 4532 935 4575 ea
964 4522 1031 4575 aute
1060 4508 1171 4576 dietum
1199 4514 1253 4587 sit,
1284 4509 1393 4577 indicio
1423 4522 1488 4588 est,

155 4613 215 4679 hoe
242 4614 402 4701 capitulum
432 4612 583 4693 alicunde,
612 4614 736 4683 sorsitau
760 4638 803 4683 ex
824 4616 939 4683 Missali
968 4616 1097 4715 quodam
1125 4639 1190 4683 esse
1216 4630 1356 4684 sumtum.
1400 4618 1478 4685 Num

157 4723 215 4807 ipsi
238 4719 422 4789 Columbeno
445 4726 485 4789 sit
505 4721 694 4791 tribuendum
716 4746 763 4791 me
784 4727 896 4791 nescire
919 4724 1024 4793 lateor.
1063 4725 1180 4791 Similes
1202 4736 1299 4791 autem
1323 4747 1399 4814 quae
1420 4726 1479 4793 ibi·

156 4826 220 4898 dem
245 4844 454 4901 enumerantur
477 4833 625 4899 orationes
649 4832 720 4911 illis,
751 4854 824 4921 quas
848 4836 878 4900 in
901 4832 1023 4923 Antipb.
1048 4831 1190 4901 Bobiensi
1212 4835 1393 4914 invenimus,
1411 4835 1478 4904 col·
