3642 5309
673 372 738 422 car.
758 370 805 420 rm
841 368 1015 420 rsmcrns.
1452 340 1505 415 07

182 522 208 587 lc
229 522 357 609 primum
379 519 548 589 1000011000
570 522 648 603 1000,
673 544 748 615 qnae
762 526 841 591 veris
863 526 949 589 initio
971 518 1097 587 iusseri
1112 518 1189 608 ignis
1203 517 1349 583 bonorem
1363 515 1506 583 celebrari

182 624 295 696 solebat
310 624 447 715 (beltine)
462 630 605 699 Pascham
627 635 769 713 institnit,
795 632 863 699 dein
884 652 940 720 per
959 643 1054 697 totam
1076 626 1201 693 inculun
1216 629 1301 715 qnasi
1322 624 1505 713 triumphum

181 738 249 825 egit.
295 737 349 804 ttts
376 741 552 807 recentiores
581 760 673 831 quum
703 742 760 808 elia
792 741 883 807 multa
914 737 1064 805 addebant
1091 758 1131 803 ex
1150 736 1245 803 Mosis
1267 738 1343 813 vite,
1372 746 1439 800 tum
1466 731 1506 799 ad

180 844 270 931 bnjns
296 849 386 913 sitam
414 860 539 916 aetatem
565 846 644 916 illins
672 852 839 931 metientes,
868 862 929 919 tres
957 850 1084 915 maxime
1110 843 1157 911 40
1184 864 1332 934 quamque
1360 862 1506 908 annornm

181 964 280 1040 partes
301 967 479 1024 statuerunt.

268 1062 445 1151 Antiquiorc
474 1064 541 1132 dein
567 1065 714 1156 quaedam
742 1068 872 1132 carmine
897 1066 961 1154 jam
988 1076 1093 1131 auctor
1108 1061 1195 1128 Vitre
1218 1056 1303 1149 cetg.
1320 1058 1346 1124 ll
1366 1060 1505 1136 intexuit,

179 1180 214 1233 nt
235 1171 405 1237 vaticinium
429 1172 527 1251 istud,
556 1174 716 1241 Patricium
746 1173 806 1241 reb
830 1172 971 1240 omnibus
993 1173 1209 1239 honoraturum
1227 1164 1234 1250 Ι
1254 1167 1358 1256 Regna
1380 1165 1506 1233 subscr·

178 1298 280 1343 surum
299 1274 304 1359 Ι
324 1277 506 1347 Resisteutes
528 1281 634 1349 turbes
656 1282 847 1349 seductorum
866 1278 872 1364 Ι
894 1280 1004 1349 Omnes
1026 1302 1129 1347 eorum
1144 1278 1226 1344 Deos
1249 1275 1501 1342 destructorum«

179 1382 258 1449 Tum
284 1386 358 1453 illud
386 1387 424 1454 de
445 1387 565 1479 Loigsri
591 1390 718 1457 liliorum
749 1392 943 1457 conversione
970 1388 1130 1467 traditum,
1161 1406 1237 1475 quac
1263 1386 1305 1449 ita
1327 1406 1394 1451 eum
1417 1385 1507 1449 inter-

179 1510 301 1581 rogasse
321 1493 472 1563 feruntur:
502 1498 553 1563 alu
576 1519 705 1590 sequere
723 1495 730 1581 Ι
749 1500 781 1565 10
796 1498 968 1567 fluminibus
987 1494 994 1581 l
1013 1496 1046 1563 ln
1063 1496 1210 1561 montenis
1230 1489 1237 1575 Ι
1255 1492 1288 1557 10
1303 1484 1506 1575 convallibusl
1641 1580 1652 1587 ἡ

178 1598 234 1667 Die
256 1601 344 1668 nebia
362 1605 496 1671 notitism
512 1608 575 1693 ejus
595 1603 601 1688 l
622 1604 781 1692 Quomodo
797 1604 950 1673 videbitur
968 1602 973 1687 Ι
994 1602 1146 1694 quomode
1162 1601 1309 1691 delegitur
1326 1597 1333 1682 Ι
1353 1597 1506 1689 quomodo

179 1709 329 1777 iuvenitur
346 1707 353 1792 Ι
373 1709 406 1778 Si
428 1714 460 1777 in
478 1715 636 1800 juventute
655 1712 662 1797 Ι
681 1713 715 1781 Si
737 1717 767 1780 in
790 1726 942 1781 senectute
960 1710 966 1795 Ι
986 1714 1168 1779 invenitur«

269 1816 385 1903 Quibus
407 1820 553 1888 Patricius
583 1822 754 1911 respondit:
795 1820 898 1889 »Deus
920 1833 1023 1888 noster
1040 1817 1046 1903 l
1067 1818 1206 1888 Omnium
1227 1816 1380 1883 bominum
1399 1813 1405 1899 Ι
1425 1816 1506 1882 Deus

178 1926 254 1993 coeli
276 1948 310 1993 ce
331 1939 427 1993 terroe
445 1923 452 2010 Ι
471 1926 563 1996 Meris
580 1942 611 1997 ct
624 1928 777 1997 dominnm
797 1926 802 2013 Ι
822 1929 904 1997 Dens
919 1928 992 1995 solis
1006 1950 1042 1995 nc
1055 1928 1156 2006 luuee,
1177 1923 1184 2008 Ι
1204 1924 1342 1993 Omnium
1357 1917 1506 2008 sideruml

178 2032 260 2100 Dens
288 2036 431 2101 montium
461 2034 629 2104 sublimium
648 2034 655 2119 Ι
675 2038 863 2127 valliumque
890 2038 1068 2104 humilium«
1096 2049 1128 2102 ct
1150 2046 1205 2101 cet
1251 2033 1319 2099 lllee
1338 2053 1412 2099 rero
1435 2053 1508 2097 con·

179 2162 281 2208 verere
304 2154 334 2208 et
355 2142 539 2232 baptizatio,
563 2166 655 2235 quum
677 2166 821 2234 sponsum
844 2147 1000 2213 coelestem
1023 2143 1124 2211 videre
1141 2142 1265 2222 vedent,
1289 2153 1507 2209 0001000000-

179 2262 279 2317 mento
302 2248 457 2318 defunctae
478 2256 680 2321 inveniuntur.

270 2355 411 2426 Fabulis
434 2369 544 2428 aecem
568 2360 826 2430 adnumeranda
846 2371 927 2430 cunt
939 2359 998 2430 ccl
1009 2380 1053 2427 ec
1067 2378 1155 2450 quac
1169 2358 1213 2427 dc
1228 2356 1379 2426 Potricii
1392 2366 1507 2424 cetae

174 2464 368 2533 1000100000
390 2484 432 2534 00
457 2486 604 2555 prorstcc
627 2490 755 2553 ommes,
784 2472 845 2559 qut
871 2470 1031 2539 submoti
1051 2479 1134 2537 cunt
1153 2464 1290 2536 calculi
1333 2467 1388 2534 list
1408 2479 1507 2533 antem

175 2576 307 2642 maxime
334 2576 384 2641 illc
406 2574 549 2643 Trisdum
571 2582 657 2644 rntie.
705 2578 749 2645 30
771 2583 847 2643 enim
870 2601 965 2644 annos
987 2591 1075 2644 uatus
1097 2576 1243 2643 Patricius
1267 2574 1305 2640 ad
1330 2575 1507 2643 Germanum

175 2684 275 2762 venit,
301 2680 344 2749 30
360 2705 386 2749 n.
410 2683 453 2750 ibi
476 2696 590 2764 menet,
614 2684 659 2752 00
674 2706 700 2753 0.
724 2685 877 2776 praedicnt
891 2684 1100 2774 Evangelium,
1124 2683 1146 2750 3
1167 2682 1230 2749 dics
1250 2695 1413 2771 noctesque
1433 2696 1507 2747 tem·

174 2802 290 2879 pietur,
314 2788 363 2857 30
373 2790 435 2857 dies
459 2812 493 2858 ec
515 2806 618 2860 noctes
635 2794 753 2881 jejunet
768 2790 858 2876 (conl.
877 2792 962 2881 Cnlg.
978 2793 1002 2858 ll
1017 2805 1048 2858 ct
1060 2790 1109 2874 111)
1129 2790 1151 2857 3
1167 2794 1262 2880 primo
1277 2792 1411 2879 episcopi
1426 2788 1507 2855 ordi·

175 2912 297 2965 uantur.
332 2896 353 2965 9
376 2902 501 2965 mortuis
524 2899 573 2983 (11.
586 2901 639 2980 B..
663 2900 716 2967 sed
737 2901 801 2968 Joc.
819 2899 861 2967 33
885 2895 1144 2983 emerando)
1167 2903 1259 2965 ritem
1281 2896 1394 2976 reddit3
1417 2894 1507 2963 3000

175 3000 369 3094 presbyteros
393 3003 443 3089 (H.
456 3002 509 3087 B.;
532 3008 597 3075 icc.
613 3004 714 3092 5000)
737 3009 870 3086 ordinet,
897 3004 1005 3074 12000
1020 3008 1154 3074 homiues
1176 3006 1319 3095 baptizet
1357 3006 1506 3071 0010000-

177 3116 247 3179 mici
271 3112 376 3179 deinde
397 3118 512 3181 numeri
534 3126 619 3183 sunt:
647 3113 711 3183 365
735 3119 893 3205 episcopos
917 3111 1144 3197 (110001045οΙ
1165 3115 1301 3193 ordinet,
1326 3110 1390 3180 305
1415 3115 1506 3179 eccle·

176 3224 238 3287 sins
267 3215 343 3303 (tce.
365 3220 444 3305 70οΙ
472 3224 589 3305 condit,
619 3221 685 3293 005
716 3224 888 3315 abegnteria
917 3222 1030 3289 scribit.
1077 3223 1098 3287 t
1125 3244 1269 3289 annornm
1298 3221 1357 3288 luit
1384 3220 1505 3310 quando

178 3340 300 3416 captus,
330 3328 350 3393 7
374 3350 468 3397 annos
495 3334 526 3396 in
549 3334 735 3420 captivitate,
766 3332 786 3395 t
811 3352 904 3397 annos
927 3330 1053 3408 Romae,
1082 3329 1103 3394 7
1128 3352 1223 3397 runos
1244 3344 1313 3397 cute
1335 3328 1438 3395 mnudi
1460 3332 1507 3394 in·

177 3440 297 3503 teritum
312 3434 453 3503 Hibernis
476 3437 630 3506 delebitur.
665 3436 858 3507 Stomecbum
873 3436 1009 3527 proiecte
1025 3437 1097 3504 fecit
1110 3438 1199 3517 illud,
1225 3437 1307 3527 quod
1322 3436 1432 3503 talibus
1447 3436 1506 3501 ccl·

178 3544 251 3611 culis
272 3546 329 3609 uisi
346 3548 425 3612 vitre
441 3544 561 3613 Patulcii
577 3548 624 3615 vel
645 3558 747 3615 nostre
766 3560 860 3615 netttc
876 3550 1020 3613 radonem
1036 3546 1181 3613 conficere
1194 3545 1316 3612 student
1330 3566 1391 3611 non
1405 3546 1504 3633 ponci.

273 3650 375 3719 ltere
396 3652 539 3742 electique
562 3664 644 3723 sunt
664 3657 790 3725 itinera
804 3651 963 3723 Parieti.
998 3653 1046 3721 Ex
1059 3654 1140 3721 Patr.
1159 3653 1352 3720 Confessinne
1367 3652 1506 3719 concludi

177 3772 309 3849 poteret,
334 3782 399 3828 cnm
421 3764 452 3827 iu
469 3762 563 3829 Gellia
585 3762 689 3843 luisse,
714 3764 793 3831 unde
808 3763 832 3830 4
847 3766 893 3829 vel
909 3763 930 3829 5
946 3762 1071 3830 sacculis
1085 3775 1156 3851 pest
1170 3774 1276 3828 000100
1288 3765 1370 3828 ritee
1384 3760 1506 3848 cergi!

179 3868 326 3935 Germano
353 3889 420 3935 enm
447 3882 640 3960 praeceptore
668 3892 755 3939 ucnm
784 3894 847 3939 esse
871 3872 1031 3951 conclusit,
1061 3874 1110 3939 cui
1133 3868 1219 3960 Colg.
1234 3870 1271 3936 111
1293 3884 1323 3938 ct
1344 3870 1505 3937 Martinam

177 3975 330 4064 adjunxit,
359 3978 407 4043 elii
437 3974 504 4043 dein
532 3979 605 4045 alios
629 4002 759 4071 quoque.
806 3980 904 4067 Quum
929 3995 1027 4048 autem
1051 4002 1068 4046 a
1091 3980 1241 4067 Prospero
1264 3991 1342 4047 esset
1362 3976 1505 4043 traditum

177 4083 340 4151 Palladium
363 4108 381 4151 s
402 4086 542 4173 ponu'lice
556 4086 692 4154 Romano
717 4110 779 4155 esse
802 4092 941 4169 missum,
965 4089 1042 4155 idem
1066 4088 1104 4154 dc
1119 4086 1251 4153 Patricio
1271 4106 1392 4177 quoque
1406 4085 1506 4152 dicct»

178 4190 247 4260 dum
276 4214 340 4259 esse
368 4196 496 4284 scriptor
521 4195 570 4265 ille
593 4190 719 4285 belgit
749 4200 919 4286 suspicatus
948 4211 1002 4262 est.
1050 4198 1092 4263 At
1119 4196 1178 4262 boc
1198 4196 1264 4261 fieri
1286 4218 1347 4260 000
1369 4196 1505 4283 potuisse

177 4300 233 4365 uisi
254 4299 366 4367 Rornae
387 4314 450 4368 tum
472 4302 593 4383 inisset,
616 4302 711 4383 illius,
736 4308 788 4394 qui
803 4305 840 4370 H.
854 4303 888 4370 B.
904 4305 924 4392 ᾗ
941 4302 1073 4370 50-05
1098 4306 1289 4393 conscripsit,
1314 4305 1416 4392 opinio
1437 4302 1503 4368 fnit.

177 4405 293 4497 Reliqui
315 4408 442 4501 deniqne
464 4415 624 4501 scriptores
646 4432 707 4479 non
730 4411 923 4492 dubitarunt,
949 4416 1038 4502 quin,
1062 4422 1098 4478 ut
1114 4412 1307 4501 apostolicam
1322 4410 1506 4480 bencdictio-

176 4536 243 4583 uem
263 4520 423 4608 acciperet,
446 4542 463 4586 s
479 4518 624 4587 Germano
640 4520 765 4589 Romam
784 4522 892 4587 missus
907 4524 955 4587 sit
991 4518 1049 4585 Dc
1061 4519 1194 4587 nomine
1209 4536 1341 4608 quoquc
1355 4513 1507 4586 Potricii

177 4624 253 4692 inter
267 4646 368 4694 omnes
382 4648 444 4694 ron
459 4630 625 4695 constitisse
637 4627 765 4696 videtur.
795 4628 934 4715 Qustnor
947 4630 1025 4694 cuim
1040 4628 1212 4695 nominibus
1226 4626 1347 4706 Succet,
1360 4625 1503 4715 coming,

176 4730 303 4822 lingon,
327 4734 434 4803 Petrie.
457 4738 550 4803 sartis
572 4753 638 4804 enm
660 4736 855 4827 temporibus·
870 4733 1050 4826 appellatum
1073 4735 1166 4803 luisse
1186 4736 1328 4803 referunt„
1366 4732 1446 4801 11000
1468 4733 1506 4800 de

176 4838 293 4907 Patrtctt
315 4840 407 4923 Vitis,
431 4844 542 4933 quibus
571 4842 772 4933 »Hyrieus«
801 4840 874 4927 tlte,
898 4846 959 4932 quc·
980 4840 1104 4911 nocem
1120 4864 1308 4932 perperam
1328 4842 1507 4921 moisem

1239 4949 1277 5005 51
