3642 5309
406 459 431 543 θ’
443 460 476 533 9.
506 462 577 533 Vll.
620 466 723 552 »Quae
751 467 819 533 lieet
846 467 884 533 ab
914 468 1018 535 incelis
1045 468 1144 558 tepide
1171 482 1310 558 suscepta
1335 481 1419 548 suut,
1448 468 1530 556 apud
1551 490 1641 558 quos·

318 576 385 641 dam
413 587 510 641 nmen
538 577 652 664 integre
678 588 708 640 et
730 575 802 641 alios
825 579 922 641 minus
944 599 1039 665 usque
1060 577 1100 643 ad
1120 581 1355 665 persecutionem
1378 576 1553 642 Diocletiani
1573 600 1641 665 per-

319 704 480 749 mansere«
514 722 548 737 -
582 683 661 749 Haec
690 682 815 749 sortasse
838 706 876 750 ex
897 684 969 751 llus.
986 685 1063 764 vul,
1085 684 1102 751 1
1127 686 1165 751 ad
1191 709 1237 754 res
1261 686 1446 753 britannicas
1468 684 1571 753 Gildas
1592 708 1641 752 ac·

319 790 526 857 commodavit.

406 900 464 966 Ee
485 898 538 967 tte
561 897 708 987 intellipi
730 898 827 979 lieet,
850 920 920 966 non
940 897 1067 982 soloen,
1090 900 1228 989 quondo
1250 899 1309 968 ecl
1330 921 1353 966 a
1372 918 1438 988 qno
1449 901 1537 987 fides
1553 899 1639 968 cbri-

317 1010 433 1075 stc'cna
446 1009 482 1073 in
498 1006 716 1075 Britanniam
727 1007 838 1093 suerit
853 1005 979 1089 allato,
1000 1030 1044 1075 ne
1055 1009 1155 1095 samu
1169 1009 1302 1097 quidem
1310 1008 1518 1095 perhibitum
1529 1010 1640 1095 fuisse

323 1115 372 1181 VI
391 1114 539 1197 saemto,
563 1116 626 1182 sed
647 1115 734 1183 elios
757 1136 889 1204 quoqne
910 1114 1162 1185 ecclesiasticos
1183 1119 1391 1203 scriptores,
1414 1118 1474 1204 qui
1495 1120 1537 1185 dc
1558 1116 1640 1184 Bri-

318 1236 432 1293 tonum
447 1224 667 1291 conversione
683 1224 851 1312 quaedam
863 1224 1106 1310 prodiderunt,
1128 1223 1252 1293 Gildae
1266 1226 1401 1314 ipnotos
1413 1224 1537 1312 fnisse.
1564 1227 1639 1292 Dlud

317 1356 387 1398 vero
411 1333 585 1398 Tertulliani
608 1328 708 1421 (Apol.
733 1333 768 1410 V,
793 1331 824 1417 1)
853 1333 938 1422 quod
957 1332 1106 1399 Eusebius
1134 1346 1165 1401 et
1193 1334 1231 1399 ab
1260 1334 1319 1399 hoo
1342 1333 1445 1401 Gildas
1473 1333 1638 1422 descripsit,

315 1440 400 1506 valde
423 1440 546 1507 dubium
570 1462 633 1507 esse
654 1444 817 1507 eommunis
827 1441 889 1527 jam
905 1454 951 1507 est
964 1444 1098 1507 virorum
1113 1440 1271 1508 doctorum
1286 1444 1440 1508 sententia.
1476 1440 1538 1507 Sed
1552 1444 1638 1507 etiam

315 1553 339 1613 si
361 1547 435 1615 fides
457 1548 594 1614 habenda
617 1563 694 1614 esset
715 1547 757 1613 illi
778 1549 861 1626 loco,
885 1549 960 1615 nibil
980 1562 1078 1615 tamen
1101 1549 1139 1614 ad
1161 1572 1210 1616 res
1232 1550 1418 1615 Britannicas
1439 1552 1608 1638 pertineret

403 1656 486 1741 Quae
509 1656 576 1721 dein
598 1656 717 1745 prodita
739 1670 809 1722 sunt
832 1654 868 1721 de
883 1654 1097 1724 Diocletiani
1112 1658 1352 1743 peroratione
1367 1659 1475 1746 partim
1492 1680 1531 1723 ex
1545 1656 1637 1722 Duae·

312 1767 365 1832 bio
388 1778 540 1831 mutuatus
562 1777 608 1830 est
623 1762 740 1845 Gildes,
764 1766 869 1854 partim
892 1787 949 1854 per
969 1788 1073 1833 manus
1096 1763 1205 1833 tradita
1221 1768 1344 1855 accepit.
1376 1763 1428 1833 Sic
1443 1778 1542 1832 antem
1557 1764 1638 1855 apud

315 1896 380 1941 eum
403 1876 546 1961 scriptum
569 1884 626 1939 est:

463 2048 555 2121 orer.
578 2046 646 2138 oe.
672 2047 745 2119 νη.
1092 2050 1177 2119 nes.
1202 2050 1326 2135 (een)
1354 2028 1450 2133 rui,
1468 2050 1498 2117 1.

455 2200 689 2287 persecutionem
719 2197 894 2265 Diocletiani
993 2199 1099 2265 domus
1123 2200 1266 2265 orationis
1293 2210 1323 2264 et
1344 2197 1483 2264 ecclesiae
1506 2196 1553 2263 dei
1576 2200 1638 2262 vivi

313 2329 494 2384 novennem,
524 2310 555 2370 iu
578 2328 636 2395 qua
659 2305 819 2372 subversae
840 2329 894 2396 per
948 2307 986 2374 ad
1008 2307 1105 2373 solum
1127 2306 1271 2372 deductae
1298 2318 1370 2369 suut
1391 2317 1481 2394 atque
1502 2304 1541 2370 ab
1563 2305 1635 2392 ipsis

314 2430 409 2483 totum
437 2412 581 2480 mundum
608 2428 679 2480 snut
704 2414 842 2480 eeclesiae
866 2429 895 2481 et
946 2416 1108 2483 subversae
1119 2427 1191 2481 suut
1199 2412 1407 2479 fundamentis.
1430 2412 1555 2478 Divinae
1564 2432 1634 2477 vero

313 2537 436 2590 cunctae
458 2543 558 2587 sacrae
580 2525 744 2610 scripturae
759 2544 835 2613 qnae
849 2526 895 2588 in·
947 2530 1113 2615 scripturae
1133 2527 1166 2589 iu
1187 2520 1284 2587 medio
1306 2521 1469 2610 platearum
1489 2523 1558 2609 igne
1574 2542 1635 2585 cre·

313 2634 407 2697 veniri
428 2643 593 2720 potnerunt
606 2634 636 2695 in
651 2630 756 2719 plateis
772 2645 894 2697 exustae
947 2647 1042 2700 matre
1055 2680 1150 2699 .....

313 2754 342 2806 et
364 2740 447 2805 electi
470 2738 546 2805 sacri
568 2742 666 2827 gregis
685 2738 803 2805 Domini
826 2762 894 2805 cnm
991 2740 1168 2808 Sacerdotes
1197 2737 1309 2805 domiui
1337 2751 1367 2803 et
1388 2749 1523 2825 pastores
1546 2737 1637 2803 eccle·

311 2846 518 2913 innocentibus
541 2846 649 2911 ovibus
672 2845 827 2925 trucidati,
850 2851 894 2913 ita
946 2851 1007 2914 siae
1021 2849 1140 2936 publice
1153 2846 1320 2913 denodatos
1335 2843 1532 2912 inverecunde
1547 2858 1577 2910 et
1590 2847 1635 2909 in·

310 2968 346 3021 nt
379 2976 415 3020 ue
444 2954 600 3041 vestigium
631 2953 748 3043 quidem
776 2956 802 3018 si
830 2954 892 3019 fieri
946 2956 1070 3021 honeste
1092 2956 1171 3019 trabi
1183 3000 1278 3019 .....

310 3076 413 3152 posset
426 3064 456 3127 iu
471 3062 619 3127 nonnullis
638 3064 799 3150 provinciis
816 3061 892 3126 obri·
995 3057 1155 3143 V111‚17.
1185 3059 1298 3125 decimo
1322 3080 1401 3124 auno
1424 3080 1554 3125 cessasse
1568 3082 1635 3147 per·

310 3174 422 3237 stianae
444 3169 595 3258 religionis
618 3182 784 3259 appareret.
821 3168 892 3235 Per·
945 3172 1126 3236 secutionem
1148 3168 1284 3234 refertur.

310 3300 442 3345 masere
475 3290 547 3343 tunc
580 3290 709 3366 quantae
741 3278 829 3367 fugae
863 3290 893 3343 et
989 3274 1057 3357 IX,
1073 3275 1106 3340 1.
1135 3276 1238 3343 ovelut
1258 3290 1330 3366 pest
1345 3278 1463 3343 nimiam
1479 3287 1635 3365 tempesta-

310 3402 422 3477 strages
437 3399 467 3451 et
477 3399 604 3474 quantae
616 3387 797 3451 diversarum
813 3408 892 3452 mor·
946 3398 1004 3452 tem
1026 3388 1052 3451 si
1069 3385 1142 3451 solis
1157 3384 1300 3474 splendor
1313 3385 1397 3451 coelo
1413 3384 1547 3450 redditus
1562 3384 1635 3449 luis·

310 3500 383 3561 tium
415 3516 544 3582 poenae,
581 3507 708 3584 quantae
740 3494 890 3583 religionis
944 3506 991 3559 set
1018 3515 1052 3558 ac
1079 3496 1166 3559 terris
1195 3494 1263 3572 lux,
1294 3493 1385 3559 duces
1411 3493 1517 3582 populi
1539 3495 1635 3558 nostri

310 3616 512 3693 apostatarum
534 3604 652 3679 ruinae,
678 3616 805 3691 quarum
825 3603 891 3691 glo·
943 3624 998 3690 per
1020 3601 1152 3689 singulas
1180 3622 1315 3690 quasque
1336 3600 1426 3666 urbes
1447 3600 1634 3688 frequentare

309 3712 537 3778 riosissituorum
572 3722 733 3799 martyrum
764 3730 891 3777 coronae
945 3723 1125 3787 conventus,
1143 3710 1269 3774 coucilia
1284 3731 1386 3798 agere,
1408 3707 1572 3773 sacerdotia
1587 3731 1634 3773 re·

310 3823 411 3911 quanti
427 3830 650 3908 persecutorum
664 3818 761 3884 rabidi
774 3819 889 3885 furores
943 3838 1048 3907 parere
1070 3818 1202 3905 singula,
1226 3838 1359 3906 quasque
1381 3816 1517 3882 ecclcsiae
1536 3816 1633 3881 sicubi

310 3942 436 4019 quernm
457 3948 473 3993 e
489 3928 637 3993 sonnacio
653 3940 821 3993 sanctorum
837 3949 891 4015 pa·
944 3926 1106 4015 quidquam
1119 3923 1220 3990 deesse
1233 3922 1391 3989 videbatur
1401 3926 1546 3989 iustruere
1559 3974 1567 3989 .
1581 3974 1588 3989 .
1602 3974 1630 3990 ..

309 4038 427 4103 tientiae
461 4035 543 4102 fuere
576 4072 611 4087 -
644 4031 890 4103 Ecclesiastico
988 4031 1054 4113 IX,
1076 4030 1129 4097 10.
1255 4031 1390 4096 rediviva
1412 4035 1632 4099 constructione

308 4142 468 4211 Histotia
490 4156 601 4209 narrat.
944 4142 1069 4209 clariora
1086 4155 1117 4207 et
1133 4141 1256 4207 celsiora
1271 4161 1450 4229 consurgere
1464 4142 1632 4230 templaque

352 4250 440 4340 510.
459 4249 510 4317 11.
534 4250 578 4317 de
599 4250 817 4339 martyribus.
944 4252 1060 4318 excelsa
1082 4274 1138 4339 pro
1161 4248 1322 4315 humilibus
1345 4251 1566 4316 conventiculis.

352 4359 522 4448 §12.VDl.
553 4361 806 4449 »tgiruroitusno
820 4360 890 4427 neb
987 4358 1054 4440 IX,
1070 4357 1123 4425 tt.
1151 4361 1262 4423 interea
1284 4357 1458 4424 festivitates
1481 4380 1500 4425 c
1520 4362 1631 4426 nostris

309 4470 379 4535 dum
416 4467 573 4556 adimpleto
610 4469 694 4534 laetis
728 4469 890 4535 luminibus
942 4470 1100 4535 laetissime
1122 4465 1321 4556 gerebantur.
1335 4515 1343 4532 .
1356 4514 1386 4532 ..

309 4578 393 4665 quasi
419 4588 491 4664 post
512 4576 663 4642 hiemalem
686 4598 720 4641 ac
741 4578 888 4665 prolixam
986 4579 1112 4667 mystica
1134 4578 1293 4642 ministeria
1316 4574 1460 4641 ordinatis
1480 4598 1514 4641 ac
1529 4574 1630 4665 dispo·

308 4696 424 4750 noctem
446 4686 614 4774 temperiem
637 4685 789 4775 lucemque
811 4707 889 4751 sere-
942 4689 1007 4753 sitis
1030 4685 1204 4775 agebantur.

308 4814 375 4861 nau
391 4814 479 4863 aurae
495 4792 628 4865 coelestis
643 4798 801 4889 accipiunt.
829 4792 888 4865 Re·
987 4792 1054 4878 tt,
1070 4792 1102 4862 1.
1126 4842 1179 4866 ...
1195 4792 1311 4867 liberati
1333 4792 1528 4867 »ineffabilem
1548 4794 1630 4868 laeti·
