3642 5309
324 260 373 335 tt
851 286 957 335 omn
994 284 1114 335 menas.

323 435 480 523 descriptio
504 434 555 513 iis,
585 457 661 525 quae
684 433 720 502 de
744 434 893 503 Celtarum
916 436 1030 515 indole,
1060 449 1091 502 et
1113 436 1260 501 continuis
1281 434 1452 523 regulorum
1473 432 1558 501 hellis
1579 445 1643 499 tum

322 542 489 631 Scriptores
506 543 632 609 Romani
648 556 711 608 tum
726 544 855 611 Annales
868 542 1062 611 Cambrerncs
1078 556 1109 609 et
1120 542 1329 609 Hibernienses
1343 542 1549 631 prodiderunt,
1569 541 1643 607 adeo

322 655 483 729 consentit,
507 664 542 717 ut
565 651 600 716 de
619 650 721 717 Gildae
744 651 801 717 fide
826 652 949 719 dubium
973 674 1036 719 esse
1057 651 1171 718 nullutn
1193 653 1299 739 possit.
1333 651 1382 716 An
1405 652 1472 740 quis
1495 672 1561 715 enm
1583 671 1644 713 non

321 781 454 825 veracem
485 762 642 825 existumet
671 772 836 838 auctorem,
868 761 920 849 qui
942 781 1003 823 nou
1024 760 1192 847 principum
1213 758 1310 839 solum
1332 758 1385 823 sed
1407 771 1436 823 et
1457 756 1643 824 sacerdotum

320 880 379 931 tam
402 870 502 956 gravis
525 865 581 933 luit
602 879 722 956 tamque
745 890 867 933 severus
891 866 1074 955 castigatori
1095 866 1160 932 Nisi
1180 868 1248 954 quis
1263 865 1340 932 lorte
1355 864 1422 931 ideo
1440 869 1643 930 auctoritatem

320 975 361 1039 illi
383 973 592 1055 detrahendam
614 987 715 1062 putat,
740 974 823 1063 qnod
845 977 971 1041 virtutes
993 996 1100 1062 parum
1123 972 1302 1051 laudaverit,
1325 973 1512 1040 acerbissime
1530 976 1643 1059 vitupe-

320 1085 430 1147 raverit
451 1081 570 1148 scelera.
605 1080 665 1147 Sed
689 1105 815 1171 quorum
839 1105 953 1149 summa
971 1081 1131 1149 acerbitate
1147 1082 1291 1171 reprobat
1304 1083 1389 1162 vitia,
1414 1080 1533 1148 eosdem
1548 1082 1642 1169 patria

321 1194 441 1257 caritate
464 1189 502 1255 ad
525 1188 733 1256 emendandam
757 1192 848 1255 vitam
871 1189 1058 1259 exhortatur.

409 1295 615 1364 Sacerdotes
642 1310 716 1363 tunc
741 1297 861 1386 plurimi
883 1311 982 1377 erant,
1013 1319 1141 1386 quorrun
1158 1298 1222 1383 jam
1245 1296 1401 1386 depravari
1422 1318 1519 1362 mores
1542 1294 1644 1364 Gildas

322 1408 521 1494 conqueritur.
556 1405 649 1471 Erant
672 1407 748 1471 enim
771 1404 851 1471 avidi
874 1405 1061 1483 divitiarum,
1084 1428 1237 1473 sacrorum
1255 1406 1452 1494 negligentes,
1474 1404 1643 1492 Eleemosy-

321 1536 375 1579 nas
399 1511 645 1579 commendabant
670 1534 731 1579 non
754 1510 875 1579 dabant
921 1512 1078 1580 Honorum
1100 1512 1282 1602 cupidissimi
1304 1512 1358 1578 sed
1379 1512 1506 1590 indocti,
1535 1511 1643 1577 sabulis

320 1624 414 1709 magis
431 1643 519 1709 quarn
535 1619 707 1708 Scripturas
723 1642 823 1685 sacrae
838 1620 938 1686 studio
954 1620 1186 1689 delectabantur.
1220 1620 1344 1689 Munera
1361 1620 1544 1699 ambiebant,
1568 1641 1643 1685 eme·

320 1729 407 1807 hant,
431 1728 639 1816 surripiebant.
672 1725 830 1793 Mcudaces
846 1742 944 1806 erant,
960 1751 1092 1816 rapaces,
1109 1730 1252 1818 sacrilegi.
1286 1728 1471 1817 Peregrinari
1484 1726 1642 1800 malebant,

321 1858 409 1925 mam
434 1835 537 1901 officiis
560 1835 659 1924 fungi,
683 1838 794 1902 reversi
817 1835 937 1901 domum
960 1859 1057 1903 novos
1078 1858 1194 1924 semper
1216 1834 1395 1903 invehebant
1416 1857 1541 1901 errores.
1574 1833 1644 1899 Non

320 1956 417 2009 tarnen
441 1964 543 2009 ornnes
564 1942 696 2029 ejusdem
717 1944 808 2009 luisse
830 1947 946 2033 generis
970 1956 1030 2010 tam
1046 1942 1147 2011 Gildas
1169 1947 1234 2033 ipse
1248 1965 1338 2034 quarn
1359 1944 1423 2023 alii,
1447 1946 1498 2031 qni
1515 1945 1546 2007 in
1563 1964 1644 2007 sum·

321 2051 374 2114 mis
397 2072 513 2139 semper
534 2050 722 2117 habebantur
744 2050 908 2117 honoribus
932 2064 1002 2118 sunt
1025 2050 1214 2119 documento.

409 2158 449 2224 Et
476 2180 581 2247 magna
604 2158 751 2225 Ecclesiae
779 2162 940 2225 auctoritas
968 2162 1004 2224 iis
1034 2159 1219 2248 temporibus
1245 2180 1316 2226 sane
1345 2157 1417 2237 luit,
1446 2155 1555 2245 quibos
1583 2178 1643 2221 noo

322 2278 435 2332 tantum
463 2267 581 2354 plurimi
609 2265 720 2355 ubique
747 2266 915 2334 sacerdotes
938 2280 1037 2344 erant,
1068 2267 1119 2332 sed
1142 2281 1172 2333 et
1194 2270 1257 2355 ipse
1279 2264 1410 2333 lllaileun
1431 2287 1487 2331 rex
1509 2264 1643 2331 ecclcsia-

321 2377 424 2439 stieam
446 2373 503 2439 sibi
524 2372 674 2461 quondam
689 2376 779 2439 vitam
796 2374 938 2463 elegerat,
964 2373 1112 2463 Cuneglae
1126 2396 1197 2442 vero
1212 2396 1352 2463 germem
1366 2385 1537 2462 perpetuam
1553 2393 1642 2437 vovc-

322 2494 368 2545 rat
390 2480 573 2546 viduitatem.

410 2589 508 2655 Pauca
538 2587 642 2653 deinde
670 2588 712 2656 de
733 2587 1004 2655 institutionibus
1025 2589 1135 2656 sacris
1166 2611 1204 2655 ex
1225 2588 1359 2677 Epistola
1384 2587 1544 2676 intelligere
1565 2588 1640 2653 lieet.

321 2696 488 2786 Episcopus
516 2696 591 2761 enim
616 2694 716 2760 Gildas
746 2694 817 2763 dicit
847 2696 970 2763 »sedere
998 2699 1027 2762 in
1054 2696 1229 2763 sacerdotali
1251 2695 1342 2763 sede«
1371 2696 1419 2762 vel
1446 2696 1641 2761 »sacerdotali

322 2804 477 2870 cathedrae
495 2803 641 2869 insidere«
664 2804 711 2869 vel
733 2805 945 2892 »apostolicam
960 2804 1059 2870 sedem
1074 2804 1238 2872 obtinere«
1278 2804 1434 2881 Homines,
1457 2807 1514 2879 ait,
1538 2824 1642 2890 parum

321 2911 421 2976 idonei
449 2910 630 3000 »quemlibet
652 2910 879 2976 ecclesiasticum
902 2923 1020 2977 utnon
1043 2912 1136 2977 dicam
1158 2933 1304 2977 summurn
1325 2910 1451 2999 gradum
1474 2909 1642 2997 adipiscun-

322 3030 407 3096 tur«,
433 3032 462 3083 et
491 3016 722 3083 »sacerdotalem
745 3020 934 3105 episcopatus
957 3018 1005 3082 vel
1026 3018 1194 3106 presbyteri
1216 3017 1314 3083 sedern
1337 3018 1516 3105 arripiunt«

410 3124 493 3191 Varii
516 3147 587 3215 ergo
611 3124 692 3212 apud
715 3122 851 3190 Britones
874 3136 937 3189 tum
960 3128 1037 3189 sicut
1060 3124 1140 3212 apud
1163 3123 1265 3190 Gallos
1288 3137 1318 3191 et
1338 3123 1490 3191 Romanos
1510 3122 1641 3213 prodeas

322 3229 555 3300 sacerdotales
577 3231 675 3309 luere,
699 3252 827 3320 quorum
850 3254 981 3297 summus
1004 3231 1061 3297 luit
1083 3232 1334 3320 episcoparetur,
1355 3254 1446 3321 penes
1469 3254 1545 3321 qnos
1562 3230 1641 3296 ordi·

321 3339 411 3407 nandi
434 3339 625 3430 presbyteros
648 3352 677 3406 ct
700 3342 848 3405 ministros
870 3352 1003 3430 potestas
1026 3353 1099 3407 erat.
1138 3340 1204 3407 hloc
1226 3341 1349 3408 inferior
1364 3338 1641 3426 presbyterorum

320 3448 441 3539 gradus.
474 3446 638 3515 Pastores
662 3450 761 3513 nescio
785 3470 823 3516 an
844 3450 875 3513 in
897 3451 982 3537 pagis
1006 3448 1111 3515 officiis
1134 3450 1336 3515 ecelesiasticis
1359 3448 1452 3514 iuncti
1470 3450 1539 3514 sint.
1571 3443 1640 3511 Mi·

321 3555 423 3623 nistri
444 3578 520 3645 quos
543 3556 796 3645 quamplurimos
820 3576 883 3619 esse
907 3554 1009 3621 Gildas
1031 3556 1134 3634 reiert,
1164 3556 1252 3622 iidem
1273 3579 1344 3623 sane
1365 3554 1501 3634 fuerunt,
1530 3558 1581 3643 qui
1603 3554 1641 3619 ah

322 3666 387 3731 aliis
414 3663 531 3731 diaconi
559 3664 654 3729 solent
675 3666 786 3729 vocari.
827 3659 1034 3728 corneorum
1056 3686 1127 3729 vero
1150 3666 1268 3729 nomine
1289 3663 1450 3729 monachos
1473 3662 1640 3749 significari,

321 3771 553 3862 probabile-est.
587 3770 801 3837 Monacharnm
824 3770 966 3859 deniqne,
991 3793 1064 3860 quas
1094 3772 1270 3837 »coelicolas
1291 3772 1458 3860 nymphas«
1480 3771 1527 3835 vel
1557 3769 1642 3834 »reli-

322 3883 421 3971 giosas
445 3892 551 3947 inatres
575 3900 609 3945 ac
632 3900 772 3943 sorores«
802 3878 945 3967 appellat,
969 3879 1078 3943 mentio
1100 3877 1143 3945 fit.
1177 3878 1223 3945 be
1244 3878 1365 3945 ritibus
1389 3878 1499 3945 sacris
1523 3899 1641 3966 quoqne

322 4012 417 4079 pauca
440 3988 549 4053 tradita
572 4000 657 4063 sunt,
688 3988 723 4051 de
746 3984 937 4053 Lectionibus
959 4008 1064 4074 nempe
1087 3998 1116 4052 et
1145 3983 1383 4065 ·bcnedictione,
1409 4009 1467 4076 qua
1489 3988 1642 4051 initiantur

322 4094 508 4163 sacerdotum
529 4096 576 4159 vel
598 4095 797 4161 ministrorum
821 4116 957 4161 manns«
998 4094 1077 4161 Sunt
1098 4106 1195 4161 autern
1218 4094 1273 4160 hae
1297 4096 1424 4185 quaein
1447 4092 1640 4159 ordinationis

324 4204 370 4269 die
393 4204 450 4293 legi
473 4203 621 4279 solebant,
646 4201 817 4290 Scripturae
839 4213 955 4290 partes:
