3642 5309
141 1737 390 1872 Antiquissimns
413 1782 569 1851 Britonnm
590 1784 720 1872 scriptor
735 1780 837 1851 Gildas
861 1783 985 1850 exstitit.
1024 1779 1053 1845 Is
1075 1776 1211 1868 quando,
1236 1780 1302 1867 quis
1326 1778 1412 1845 etiam
1435 1788 1465 1843 et

140 1892 233 1981 qualis
248 1890 337 1957 fuerit
350 1904 410 1957 tam
427 1894 544 1980 exejus
562 1894 696 1981 scriptis,
720 1914 808 1982 quam
824 1914 862 1958 ex
876 1890 1057 1980 pervetustis
1073 1890 1265 1977 cognoscitur
1279 1889 1462 1953 testimoniis.

139 1997 238 2066 Beda
260 2002 373 2087 primus
395 2000 480 2067 testis
503 2012 548 2066 est
568 1998 751 2078 laudandus,
776 2002 828 2088 qui
851 2022 913 2065 non
935 2000 1032 2065 solum
1053 1996 1146 2062 multa
1164 1995 1201 2062 ah
1218 2019 1252 2061 eo
1268 1996 1388 2073 sumsit,
1412 1992 1465 2059 scd

141 2110 224 2173 ctiam
248 2109 278 2173 in
300 2106 515 2187 insatiati,
532 2107 575 2174 22
598 2108 644 2173 his
667 2107 748 2173 illurn
772 2120 925 2175 auctorem
947 2109 1020 2174 citat
1040 2104 1155 2172 verbis:
1185 2126 1283 2194 »quae
1305 2104 1465 2169 historicus

143 2238 240 2281 corum
265 2214 369 2283 Giidus
391 2214 482 2281 flehili
505 2238 639 2282 sermone
662 2214 834 2281 describit·

225 2323 386 2389 Proximus
415 2336 460 2390 cst
481 2320 665 2408 Admissus,
697 2328 747 2414 qui
777 2326 807 2389 in
830 2324 964 2413 Epistola
986 2322 1030 2389 IX
1058 2323 1131 2389 haec
1154 2320 1240 2388 dicits
1269 2320 1414 2410 »Legitur
1436 2321 1466 2385 in

140 2430 214 2498 iihro
231 2430 311 2497 Giidi
325 2430 495 2498 Brittonum
518 2434 742 2523 sapientissimi,
768 2430 849 2521 quod
865 2431 954 2498 iidem
968 2433 1026 2520 ipsi
1040 2430 1191 2497 Brittones
1206 2443 1332 2519 propter
1345 2431 1465 2517 rapinas

139 2552 168 2605 et
194 2542 349 2605 avaritiam
377 2542 545 2630 principum
573 2554 698 2630 propter
725 2542 910 2629 iniquitatem
940 2554 969 2606 ct
990 2540 1166 2626 injustitiam
1183 2538 1320 2626 judicum
1342 2550 1467 2625 propter

139 2647 280 2714 desidiam
302 2658 340 2715 et*
353 2651 503 2739 pigritiam
525 2648 755 2738 praedicationis
779 2652 989 2737 episcoporum
1011 2660 1136 2736 propter
1157 2647 1305 2712 luxuriem
1329 2657 1359 2710 et
1373 2644 1466 2709 malos

139 2774 236 2820 mores
256 2756 362 2845 populi
383 2758 509 2844 patriam
532 2755 757 2844 perdiderunt·
796 2755 875 2819 idem
891 2758 922 2818 in
937 2754 993 2841 Bp.
1006 2754 1074 2821 LIX
1095 2754 1227 2818 »Discite
1243 2752 1372 2840 Gyihum
1388 2752 1466 2816 Brit·

138 2874 241 2927 tonum
264 2864 513 2950 sapientissimum
536 2876 566 2929 et
586 2860 685 2929 videte
708 2861 878 2952 exquibus
902 2863 1000 2929 causis
1022 2873 1160 2949 parentes
1175 2859 1345 2926 Brittonum
1367 2855 1467 2946 pcrdi-

137 2968 246 3035 derunt
268 2991 391 3059 regnum
414 2983 444 3036 et
464 2972 624 3060 patriam«

225 3076 277 3144 Ad
299 3076 371 3143 haoc
393 3076 458 3145 vtll
481 3080 590 3146 saeculi
611 3082 780 3147 testimonia
802 3076 948 3145 accedunt
969 3076 1024 3144 ΧΠ
1046 3077 1157 3144 sacculi
1179 3079 1348 3165 scriptores.

230 3182 429 3252 Guilielmas
457 3184 761 3256 Malmesbc'ra'easis
796 3186 931 3277 quidem,
968 3188 1020 3276 qui
1047 3186 1155 3253 lihrum
1186 3185 1222 3251 de
1252 3182 1466 3251 Glastonionsis

136 3292 277 3360 ecelesiae
300 3295 476 3384 antiquitate
499 3307 566 3363 ante
589 3319 615 3362 a.
635 3294 720 3363 1126
745 3298 936 3385 conscripsit,
959 3294 1066 3360 haecce
1082 3294 1185 3360 refert:
1209 3288 1293 3377 (Gale
1307 3293 1357 3373 111,
1377 3289 1466 3375 296.)

144 3400 240 3467 -uam
264 3403 342 3468 sicut
364 3425 381 3467 a
404 3403 568 3490 majoribus
592 3406 773 3492 accepimns,
806 3403 907 3469 Gildas
931 3424 1028 3491 neque
1051 3403 1182 3468 insulsus
1204 3423 1300 3491 neque
1323 3400 1466 3467 infacetus

135 3509 315 3588 historicus,
339 3512 387 3576 cui
402 3508 538 3577 Britanni
561 3510 683 3590 dehent,
707 3514 733 3577 si
756 3510 829 3600 quid
851 3512 975 3576 notitiae
989 3512 1067 3576 inter
1082 3524 1211 3577 caeteras
1228 3522 1330 3599 gentes
1345 3510 1465 3587 hahent,

135 3617 262 3683 multum
286 3640 430 3684 annornm
453 3617 495 3685 ihi
511 3614 696 3701 (Glastoniae
711 3615 828 3705 nempe)
851 3622 952 3709 exegit
973 3619 1031 3685 ioci
1049 3619 1248 3686 sanctitudine
1265 3629 1378 3705 captus.
1407 3617 1466 3682 lhi-

136 3723 263 3814 dcmqne
278 3724 335 3791 Au
346 3724 411 3791 512
435 3723 471 3791 de
493 3725 591 3792 medio
614 3726 711 3792 iactus
726 3730 757 3792 in
771 3740 890 3793 vetusta
907 3727 1029 3794 ecclesia
1044 3741 1112 3794 ante
1127 3728 1219 3793 altare
1235 3740 1280 3793 cst
1294 3726 1459 3813 sepultus·

231 3830 414 3919 Galsridacs
442 3829 707 3901 Moaemutonsis
738 3833 859 3914 deinde,
896 3838 948 3925 qui
977 3834 1139 3902 Historiam
1166 3836 1283 3925 Regum
1311 3833 1466 3899 Britonum

137 3962 165 4006 a.
192 3938 277 4007 1117
307 3942 491 4031 composuit,
521 3942 592 4008 haec
616 3941 703 4008 dicits
745 3940 840 4009 rcum
863 3944 957 4010 muita
979 3964 1093 4011 mecum
1116 3957 1146 4011 ct
1169 3943 1206 4011 de
1227 3944 1327 4009 multis
1350 3944 1467 4029 saepius

134 4050 235 4114 animo
258 4049 414 4115 revolvens
437 4051 468 4114 in
491 4049 644 4116 historiam
666 4072 769 4141 regum
785 4050 956 4118 Britanniae
972 4053 1145 4132 inciderem,
1171 4055 1199 4118 in
1222 4054 1328 4117 mirum
1345 4050 1465 4126 contuli,

134 4156 221 4245 quod
241 4160 320 4223 intra
342 4159 519 4224 mentionem
542 4180 630 4248 quam
647 4157 747 4226 Gildas
763 4171 793 4225 et
807 4157 889 4227 Beda
913 4162 1064 4228 luculento
1081 4173 1212 4228 tractatu
1227 4159 1370 4235 fecerant,
1394 4156 1467 4222 nihil

134 4262 175 4330 do
202 4265 323 4355 regibus
351 4269 403 4356 qni
425 4278 493 4333 ante
514 4268 745 4333 incarnationem
769 4266 882 4335 Christi
904 4269 1089 4337 Britanniam
1111 4270 1365 4347 inhabitaverant,
1394 4262 1467 4330 nihil

133 4374 226 4440 ctiam
249 4372 285 4441 de
299 4374 413 4442 Arturo
437 4377 600 4467 ceterisque
623 4376 827 4465 compluribus
850 4379 902 4468 qui
918 4392 990 4469 post
1003 4378 1237 4447 incarnationem
1251 4384 1466 4452 successcmnt,

132 4482 344 4571 reperissem«

226 4590 270 4658 At
290 4592 338 4659 iile
360 4590 413 4660 uhi
429 4590 544 4661 Gildarn
567 4592 702 4683 seqnitur
721 4591 810 4677 (Hist.
824 4593 879 4674 vt,
899 4592 928 4663 1.
943 4596 975 4663 2,
993 4594 1038 4681 3.)
1055 4596 1090 4665 de
1106 4612 1228 4664 auctore
1243 4596 1323 4672 silet,
1348 4614 1367 4658 a
1382 4587 1468 4657 Gilda

130 4718 210 4766 vero
235 4722 310 4791 quae
332 4722 364 4769 se
385 4700 519 4770 hausisse
541 4702 645 4783 refert,
670 4702 708 4770 ah
724 4704 787 4771 aliis
805 4705 919 4771 sumsit.
957 4701 992 4770 in
1006 4705 1085 4773 Hist.
1098 4706 1154 4787 VI,
1173 4704 1215 4772 13
1239 4706 1315 4771 enirn
1331 4698 1468 4769 Germani

129 4809 276 4877 miracula
307 4825 438 4895 enarrat,
474 4828 593 4904 »quae«
628 4816 671 4880 ait
699 4810 823 4881 »Gildas
851 4815 882 4879 in
911 4825 1044 4881 tractata
1073 4833 1129 4881 suo
1161 4812 1312 4881 luculento
1336 4828 1469 4878 sermone

1206 4918 1220 4973 1
