3642 5309
671 330 738 381 w.
757 328 789 379 V.
830 328 1011 381 hcchh'filss·

255 1452 377 1520 Praetor
397 1454 471 1521 haec
492 1455 523 1518 in
538 1452 705 1523 Annalibus
726 1452 805 1523 hello
827 1454 972 1545 plurima,
993 1467 1056 1521 wo
1074 1455 1217 1546 aregulis
1235 1458 1312 1523 inter
1325 1478 1390 1523 sese
1406 1480 1493 1547 mam

159 1584 233 1628 cum
249 1560 423 1631 Saxonihus
446 1576 545 1653 gesta,
569 1562 721 1631 Dannrnm
745 1560 851 1633 deindo
872 1564 1058 1643 invasiones,
1081 1578 1221 1653 portenta
1243 1587 1364 1655 quoquo
1386 1578 1417 1632 et
1437 1565 1494 1633 alia

160 1670 343 1737 referuntur.

256 1778 397 1849 Venimus
419 1776 459 1846 ad

749 2052 840 2143 Car.
862 2050 913 2141 V.

165 2214 623 2309 ECCLESIARUM'ET
653 2212 1117 2305 MONASTERIORUM
1143 2210 1492 2302 MONUMENTA.

253 2431 414 2501 verolamii
437 2445 468 2499 ot
488 2434 519 2499 in
535 2431 615 2501 Urho
629 2431 795 2521 Lemonum*
816 2426 963 2519 quosdam
986 2428 1165 2497 christianas
1179 2427 1249 2496 fidei
1264 2427 1401 2496 addictus
1414 2450 1493 2496 mor·

164 2552 226 2607 tuo
247 2540 372 2618 obiisse,
397 2538 498 2609 Gildae
520 2540 619 2609 refert
663 2540 766 2628 ltaque

256 2646 284 2717 1.
325 2644 548 2715 Verulamium
569 2651 665 2735 primo
688 2645 912 2711 memorandum
935 2657 988 2710 est
1031 2644 1076 2709 lbi
1099 2644 1180 2709 Beda
1202 2657 1277 2710 teste
1300 2641 1348 2727 (H.
1356 2645 1392 2711 E.
1414 2646 1441 2723 l,
1459 2646 1492 2731 7)

162 2759 196 2821 in
212 2755 320 2825 Albani
342 2756 487 2823 honorem
509 2755 630 2823 ecelesia
659 2752 804 2822 »mirandi
828 2754 928 2840 operis
950 2762 1040 2838 atque
1063 2751 1127 2835 ejus
1149 2754 1292 2837 martyrio
1316 2751 1485 2839 condigna«

162 2864 291 2952 posthac
319 2876 470 2931 exstructa
498 2876 552 2931 est.
598 2862 648 2931 Ah
672 2858 737 2929 offa
763 2883 834 2949 rege
862 2873 893 2927 et
914 2859 971 2925 alia
993 2857 1034 2922 illi
1058 2855 1190 2922 aedificia
1213 2855 1367 2943 additalet
1388 2881 1491 2925 mona·

162 2974 286 3041 sterium
308 2971 350 3040 ihi
374 2970 525 3039 conditum
548 2994 612 3037 esse
635 2992 660 3037 e.
677 2966 759 3046 793,
784 2967 823 3035 ad
845 2966 1023 3057 expiandam
1038 2964 1249 3053 Aethnlbrythi
1270 2968 1348 3055 regis
1372 2966 1491 3035 caedem

161 3080 335 3147 Matthaeus
347 3081 522 3147 Parisiensis
544 3078 643 3147 relect.
681 3079 724 3144 At
745 3098 841 3166 neque
864 3078 894 3141 in
910 3073 1060 3142 Chronico
1077 3070 1232 3139 Saxonum
1254 3096 1351 3163 nequo
1373 3077 1404 3141 in
1426 3076 1490 3142 aliis

162 3187 248 3254 lihris
272 3188 434 3277 quidquam
456 3189 494 3255 dc
515 3188 572 3255 hac
592 3209 626 3254 rc
648 3188 821 3255 invenimus.
859 3182 970 3252 Charta
992 3206 1075 3260 vero,
1099 3204 1176 3272 quae
1200 3180 1282 3249 Offae
1304 3186 1423 3251 nomine
1445 3188 1491 3250 in·

161 3295 314 3373 scribitur,
337 3296 444 3363 ficticia
466 3308 520 3363 est.
554 3294 641 3364 Nulla
665 3296 784 3361 omniuo
807 3292 861 3362 ΧΠ
883 3293 1002 3357 saeculo
1024 3293 1126 3378 priora
1147 3304 1337 3357 monumenta
1360 3305 1488 3361 exstant

254 3403 284 3469 2.
318 3400 512 3471 Eboracum
781 3400 837 3465 hao
863 3399 971 3477 urbes,
1001 3410 1077 3464 teste
1100 3396 1245 3487 catalogo
1269 3402 1487 3489 episcoporum,

252 3510 284 3578 3.
318 3510 523 3581 Londinium
782 3511 833 3597 qni
857 3506 991 3575 Concilio
1013 3506 1178 3573 Arelatensi
1199 3506 1367 3576 interfuisse
1388 3510 1487 3578 lerun-

252 3616 284 3687 4.
319 3618 460 3688 Colonia
480 3615 746 3687 Moumoustra
781 3631 846 3694 tur,
881 3615 966 3683 sedes
997 3614 1179 3704 episcopales
1208 3615 1329 3685 luerunt
1355 3641 1382 3687 a.
1410 3617 1486 3687 314.

318 3726 503 3811 (colcestria.
526 3723 638 3807 Usser.)
782 3721 884 3807 (Plura
905 3719 1006 3807 inira.)

252 3834 282 3902 5.
319 3834 517 3903 moravam·
539 3848 607 3903 anto
621 3835 784 3919 Augustini
806 3831 966 3900 adventum
989 3832 1140 3902 ecclesiam
1153 3831 1187 3901 S.
1203 3833 1326 3905 Martini
1339 3838 1486 3911 exstitisse

162 3942 244 4033 apud
266 3944 376 4011 Bedam
399 3944 489 4027 (Hm.
512 3944 540 4022 1,
557 3940 612 4027 26)
635 3944 768 4032 legimus.

251 4050 281 4119 ii.
316 4050 508 4121 Duhrenea's
536 4052 690 4129 ecclesiae,
719 4072 788 4118 num
812 4051 878 4139 quis
901 4062 969 4116 ante
990 4048 1153 4119 Lelandum
1175 4050 1278 4119 lecerit
1298 4057 1484 4137 montionem,

162 4165 270 4229 nescio.
304 4159 462 4229 Conditam
484 4182 557 4227 voro
580 4161 658 4227 illam
672 4159 875 4228 Romanorum
898 4158 1083 4246 temporibus
1105 4160 1211 4240 luisse,
1233 4165 1351 4243 ruinae,
1374 4164 1485 4231 Roma·

162 4292 228 4337 nam
251 4269 478 4340 architecturam
500 4268 687 4347 exhibentes,
712 4270 842 4358 quaein
865 4289 980 4335 summo
1003 4283 1104 4339 monte
1124 4268 1223 4339 adhuc
1244 4284 1376 4355 exstant,
1398 4296 1484 4363 prae·

163 4378 238 4445 clare
260 4378 378 4445 domni,

249 4486 361 4555 Harum
384 4488 513 4552 omnium
535 4485 689 4554 historiam
712 4486 899 4555 ecclesiarum
923 4508 1015 4578 mum
1035 4483 1241 4556 oSaxonihns
1256 4503 1354 4557 essent
1367 4490 1484 4561 dirutae

163 4595 313 4663 oblivione
334 4594 395 4661 iero
417 4616 481 4661 esse
503 4592 656 4673 obrutam,
681 4617 767 4663 nemo
790 4597 956 4675 mirabitur,
978 4614 1075 4687 neque
1096 4596 1184 4678 illnd,
1207 4600 1291 4667 varia
1312 4598 1349 4668 do
1370 4602 1407 4670 iis
1428 4600 1482 4677 ΧΠ

162 4703 279 4771 sacculo
303 4724 367 4770 esse
386 4703 466 4769 licta.

250 4810 303 4883 His
325 4809 373 4881 vel
394 4812 545 4904 mthnier
566 4809 694 4881 hahetur
