3642 5309
297 317 348 393 to
786 331 853 381 oar.
873 328 921 381 ιιι,
957 330 1132 383 remmus.

296 514 401 584 greges
428 514 460 559 se
487 486 591 556 iecisse
618 484 719 553 tradit.
764 483 808 551 At
834 482 958 551 ubinam
987 493 1034 549 est
1055 482 1206 553 desertum
1227 482 1325 563 istud,
1357 483 1396 553 ad
1417 482 1500 575 quod
1520 483 1621 553 triduo

296 616 369 693 post
388 600 518 667 relictam
533 596 704 663 Hiberniam
727 612 795 659 cum
816 594 918 659 mnne
941 591 1071 681 appulit,
1094 611 1209 683 perqns
1231 592 1313 684 quod
1335 591 1379 661 28
1394 592 1457 661 dios
1479 596 1536 661 iter
1555 613 1624 663 eun

298 711 450 788 iecissent,
480 706 555 771 same
583 716 651 769 orta
677 702 830 767 invocanti
857 700 955 767 Deum
981 699 1113 767 Patricio
1141 717 1303 790 porcorum
1331 721 1407 790 grex
1433 723 1467 769 se
1493 700 1623 771 obtulit?

297 818 409 885 Varum
431 816 490 881 hoc
512 809 594 903 quod
615 813 722 877 iterum
744 820 850 898 captus
873 811 982 877 iterum
999 806 1044 875 28
1060 807 1123 876 dies
1137 809 1287 878 desertum
1300 812 1515 899 peragraverit,
1537 830 1624 899 pror·

297 950 350 994 sus
377 921 581 992 admirandum
609 931 663 985 est
707 915 812 1005 Neque
840 914 877 981 de
905 917 1023 994 multis,
1054 937 1130 1005 quae
1159 929 1369 985 enumerantur
1390 916 1555 985 visionibus
1576 917 1624 985 vel

297 1037 447 1123 responsis
475 1030 582 1096 divinis
605 1024 767 1116 quidquam
789 1023 902 1101 dicam,
933 1024 1036 1091 atille
1058 1046 1127 1090 rara
1148 1023 1309 1093 admodum
1329 1048 1365 1093 as
1385 1024 1528 1093 mirabilia
1548 1028 1624 1093 visio

299 1155 358 1221 est,
382 1162 456 1230 qua,
480 1158 584 1205 navam
606 1136 665 1223 ipsi
686 1142 820 1223 paratam
842 1153 921 1210 esso,
945 1135 1057 1199 certior
1078 1131 1176 1199 lactus
1196 1135 1320 1222 ignarus
1338 1133 1472 1201 locorum
1486 1147 1516 1201 ιι
1529 1135 1626 1203 nean

297 1272 383 1328 num,
408 1246 447 1315 nd
468 1244 652 1335 praedictum
674 1243 774 1308 lorum
791 1240 921 1307 ducenta
933 1241 1026 1307 millia
1040 1262 1183 1329 passuum
1198 1239 1355 1309 dbmtsm
1369 1244 1518 1331 persenit,
1538 1264 1624 1310 mon-
1697 1330 1706 1341 .
1818 1197 1819 1264 1

298 1372 417 1425 struosa
440 1376 510 1421 vero
533 1354 600 1420 alia.
652 1350 774 1419 »Virum
796 1352 889 1427 enim,
920 1350 978 1426 ait,
1005 1352 1174 1416 venientem
1196 1352 1281 1438 qnasi
1303 1348 1341 1416 de
1362 1349 1540 1429 liibcrioue,
1569 1350 1627 1417 cati

297 1484 418 1535 nomen
439 1464 625 1540 Victorinus,
654 1480 722 1526 cnm
744 1456 877 1547 epistolis
897 1456 1165 1524 innumerabilibus
1186 1456 1264 1536 vidi,
1288 1470 1318 1523 et
1339 1456 1424 1524 dedit
1441 1458 1514 1525 mibi
1534 1480 1623 1525 unam

297 1588 328 1642 et
349 1574 407 1659 legi
429 1572 607 1660 principium
631 1566 773 1657 epistolae
796 1567 996 1632 rennuentem
1018 1564 1089 1631 Vox
1110 1564 1352 1633 Hiberionaeuan.
1397 1566 1438 1633 llt
1457 1566 1528 1633 dura
1548 1568 1623 1633 reci·

296 1682 397 1749 ubam
419 1681 596 1769 principium
619 1675 761 1766 epistolae
782 1672 927 1764 putabant
949 1675 1027 1739 eninr
1049 1675 1114 1761 ipae
1136 1676 1168 1739 iu
1190 1686 1288 1741 mente
1309 1673 1412 1742 audire
1425 1677 1624 1763 vocemipso·

295 1812 377 1869 rum,
402 1790 453 1878 qui
476 1800 559 1853 erant
576 1786 667 1872 Juxta
689 1783 805 1874 sylvam
819 1780 955 1859 lloclnti,
979 1802 1056 1871 quas
1078 1794 1124 1849 est
1146 1801 1242 1870 prope
1264 1804 1344 1850 mare
1359 1782 1548 1851 occidentale.
1584 1782 1624 1853 Et

296 1900 339 1965 sic
361 1897 615 1971 exclamaverunt,
639 1912 780 1981 rogamus
803 1901 832 1958 to
854 1901 957 1956 sancte
978 1908 1056 1977 puer
1076 1902 1113 1956 ut
1135 1893 1235 1957 venias
1258 1904 1289 1958 et
1310 1902 1389 1959 cet·

385 2004 469 2091 Quae
483 2004 560 2070 visio
582 2022 676 2092 aeque
699 2022 733 2066 ac
757 2020 805 2077 ea,
829 2019 906 2087 quae
928 2009 1105 2086 sequnntur,
1128 2019 1190 2064 nou
1212 2012 1342 2087 possunt
1362 2021 1423 2065 non
1445 2002 1477 2065 in
1498 2012 1622 2067 menum

296 2113 384 2181 nobis
406 2132 548 2179 ιιιοιιιι
569 2111 637 2179 Αιι.
654 2110 761 2199 Apono
780 2104 832 2185 ld,
849 2104 887 2186 9;
909 2102 1146 2185 ncor.12,2;
1168 2106 1257 2173 llum.
1272 2104 1374 2186 8,·26.
1411 2106 1474 2175 Nee
1494 2121 1624 2197 praetcr-

297 2222 427 2290 cundum
449 2234 511 2297 cat,
536 2218 619 2309 qnod
641 2238 732 2307 quum
747 2216 907 2284 Dominum
930 2216 1031 2303 ipsum
1060 2216 1168 2304 »quasi
1179 2218 1259 2281 intra
1274 2238 1404 2306 corpus·
1433 2237 1521 2282 sunm
1538 2238 1624 2283 oren·

297 2345 356 2399 tem
378 2328 507 2406 rideret,
532 2328 608 2393 hane
631 2327 776 2392 orationis
800 2322 1021 2391 conclusionem
1042 2320 1158 2388 audivit
1185 2326 1303 2389 anteit
1325 2328 1515 2412 episcopus«
1552 2324 1622 2390 Per·

297 2441 445 2506 obscurus
473 2434 579 2501 deindo
602 2446 647 2501 ost
668 2434 770 2510 locus,
803 2452 863 2521 qno
892 2443 962 2497 atet
982 2430 1071 2496 millia
1093 2430 1267 2495 bominum·
1296 2454 1329 2496 aa
1351 2431 1521 2521 baptizasse
1539 2430 1620 2497 dicit

298 2548 460 2633 Quaeritur
481 2546 572 2622 eninr,
595 2554 696 2607 utrum
712 2539 812 2608 Gallos
835 2537 878 2604 ibi
900 2560 941 2605 au
954 2536 1163 2605 Hibernicuses
1185 2537 1339 2627 intelligat
1380 2538 1520 2618 eliense,
1542 2540 1624 2607 deni-

297 2678 356 2748 qne
378 2656 421 2721 ait
449 2652 542 2718 amihi
565 2662 677 2718 tautam
698 2652 825 2738 gratiam
848 2646 988 2724 donavit,
1016 2657 1052 2714 ut
1070 2643 1195 2733 populi
1215 2644 1314 2714 mitt
1333 2669 1389 2735 per
1409 2670 1456 2715 mc
1476 2652 1508 2716 iu
1529 2648 1623 2718 [lem

296 2774 528 2833 renascerentur.
573 2758 613 2825 Et
633 2770 668 2825 ιιι
690 2754 808 2824 elerici
828 2754 943 2845 ubique
962 2754 1021 2820 illis
1044 2754 1284 2821 ordinarentur«

384 2872 463 2939 Haec
492 2882 523 2937 et
550 2866 607 2935 alia
634 2865 739 2933 similia
766 2884 858 2954 quum
879 2864 1079 2951 suspicionem
1101 2866 1269 2929 armario
1291 2878 1458 2944 moverent,
1485 2866 1623 2935 belisiam

297 2980 520 3052 Conlessiouem
537 2997 601 3045 esso
617 2974 804 3041 declararunt
818 2972 883 3049 alii,
907 2972 972 3048 alii,
994 2992 1033 3037 ne
1047 2982 1142 3037 totam
1156 2974 1326 3059 rejicerent,
1348 2973 1478 3039 librariis
1490 2978 1623 3063 assigna-

296 3103 382 3168 runt,
411 3109 488 3179 quae
514 3094 653 3173 suspecta
680 3092 793 3157 essent,
822 3100 898 3168 qnae
918 3098 992 3144 vero
1015 3080 1088 3167 ipsis
1110 3079 1306 3168 quadrarent,
1334 3084 1529 3149 retinuermt
1573 3081 1624 3153 Ae

297 3216 420 3267 uereor
447 3214 490 3261 ne
518 3188 582 3259 hoc
610 3188 710 3256 modo
737 3186 898 3255 amano
926 3184 1007 3253 linet
1031 3182 1260 3273 mobilior,
1286 3209 1355 3256 sora
1377 3199 1489 3257 wasco
1508 3192 1624 3259 aerior

299 3308 348 3377 ste
368 3303 517 3372 reetdtte
565 3298 664 3385 Qunam
693 3298 770 3363 enim
795 3295 874 3362 idem
895 3299 937 3362 sit
956 3297 1051 3363 totius
1072 3294 1142 3363 libri
1164 3317 1257 3363 sonus
1280 3318 1316 3363 ae
1337 3298 1438 3377 stilus,
1467 3301 1526 3365 uisi
1544 3299 1623 3368 lorte

299 3439 337 3484 cx
359 3414 482 3482 arbitrio
504 3410 606 3498 potius
629 3427 717 3496 quam
741 3428 780 3472 ex
800 3404 891 3471 rebus
914 3406 988 3494 ipsis
1005 3417 1178 3495 argumenta
1192 3408 1286 3470 mavis
1300 3404 1472 3485 ademere,
1494 3408 1622 3475 Patricio

300 3525 355 3591 alia
383 3522 440 3589 alia
468 3518 596 3585 librariis
624 3514 791 3581 adscribere
818 3534 879 3579 non
909 3514 987 3579 licet
1036 3508 1218 3599 Confessio
1245 3513 1365 3601 ipitatr,
1393 3512 1506 3603 qualis
1533 3536 1624 3584 nuso

299 3640 416 3701 oestuo
437 3636 500 3695 nnc
520 3634 595 3693 tota
618 3632 671 3691 est
692 3642 716 3689 n
737 3618 893 3687 Patricio
917 3620 1065 3707 scripn,
1089 3629 1151 3687 unt
1169 3620 1262 3706 pieta.
1308 3620 1373 3687 Sin
1394 3642 1418 3687 o
1437 3625 1624 3693 remantem

299 3748 354 3807 est
375 3734 575 3821 compositu,
599 3730 776 3820 quonian
792 3728 907 3815 ptimo
930 3750 1003 3794 uum
1024 3728 1122 3795 loutee
1137 3732 1247 3795 vetusti
1268 3731 1301 3794 in
1320 3730 1371 3795 illa
1384 3730 1482 3821 detegi
1497 3737 1621 3821 possint„

299 3848 492 3937 Antiquiorcs
516 3840 633 3931 quidem
656 3838 705 3906 illa
721 3838 807 3906 Vitae
823 3860 915 3929 quum
930 3835 1081 3926 nequead
1096 3857 1153 3903 nos
1166 3840 1368 3925 pervenerint,
1391 3860 1488 3929 neque
1502 3844 1622 3907 oarnino

301 3956 449 4024 annasse
472 3972 511 4017 ex
533 3950 609 4016 libro
632 3953 698 4037 ipso
717 3950 786 4035 jure
810 3945 1021 4022 concludatur,
1049 3942 1128 4009 lama
1150 3947 1288 4032 scriptori
1309 3949 1461 4013 ιιιιιιίιιιι
1482 3949 1623 4038 supped-

300 4066 390 4142 taait,
421 4059 572 4127 britonem
600 4058 710 4123 scilicet
740 4053 885 4145 mendam
914 4050 1056 4119 aScntis
1082 4064 1203 4141 captum
1229 4054 1356 4141 postbas
1376 4056 1543 4122 visionibus
1569 4056 1623 4123 ad·

302 4175 445 4240 monitum
465 4166 564 4235 Sentis
587 4163 817 4232 occidentalibus
833 4160 1027 4248 Evangelimn
1047 4160 1235 4249 praedicasse
1256 4173 1287 4226 et
1307 4184 1399 4250 quum
1420 4162 1461 4229 ob
1483 4163 1622 4231 delictum

302 4280 451 4373 quoddam
479 4276 618 4368 indignus
652 4276 826 4362 episcopatu
858 4269 1033 4347 baberetur,
1068 4281 1129 4335 tam
1157 4268 1275 4335 divinae
1302 4272 1426 4335 usionis
1451 4272 1621 4341 mnasonis

302 4412 391 4481 qnam
417 4386 508 4455 rebus
536 4408 553 4451 a
581 4405 613 4450 aa
639 4384 765 4471 peractis
788 4401 852 4447 soso
874 4376 1048 4445 defendisse.
1094 4375 1178 4462 Quae
1199 4397 1253 4442 cur
1274 4380 1305 4443 iu
1326 4376 1449 4444 dubium
1471 4400 1620 4459 vocemus,

301 4520 391 4566 cansa
414 4516 476 4562 nnn
498 4507 551 4561 est.
590 4488 796 4578 Quodcunque
819 4490 896 4554 enim
918 4483 1125 4553 dstrentaadae
1145 4486 1248 4573 potius
1270 4506 1358 4573 quam
1380 4487 1532 4575 augendae
1545 4486 1622 4555 San·

304 4620 419 4673 ctnrum
442 4603 553 4692 gloriae
574 4600 677 4679 luerit,
700 4600 731 4665 in
753 4595 834 4662 lnlsis
856 4596 937 4663 Vitis
957 4615 1105 4684 umquam
1125 4615 1198 4661 sanc
1218 4596 1374 4661 inveneris.
1418 4594 1485 4661 llna
1505 4608 1620 4663 ιιιιιιιιιι

303 4713 481 4780 narrationis
503 4730 572 4800 pars
595 4706 729 4775 alicunde
750 4718 847 4773 sumta
869 4726 934 4772 case
955 4702 1028 4769 milei
1041 4698 1169 4781 ridetur,
1193 4698 1393 4787 replasmatio
1412 4724 1517 4791 rupe
1531 4726 1620 4793 quae-

304 4820 372 4889 dam
393 4818 529 4914 Synhali
551 4817 687 4896 Nicacni,
710 4836 787 4907 quae
808 4812 985 4909 praelatioai
1005 4810 1208 4903 imprudenter
1227 4812 1338 4879 insana
1360 4824 1414 4882 est.
1447 4810 1526 4883 nm
1546 4814 1620 4887 laaec
