3642 5309
719 363 785 412 oar.
804 360 850 411 rx.
886 362 1060 413 rsrmcrus.
1496 336 1545 407 77

318 514 456 605 idemque
478 528 582 583 contra
604 510 710 581 Collat
734 514 776 581 Xl
799 511 875 603 (Op.
891 513 930 593 V,
947 510 1030 598 366)
1065 511 1148 579 ‘Nec
1175 511 1310 601 segniore
1336 532 1407 579 cura
1429 510 1467 577 ab
1489 512 1547 577 hoc

233 622 334 690 eodem
358 622 462 689 morbo
486 622 652 689 Britannias
674 622 825 702 liberavit,
854 621 973 711 mondo
997 620 1141 711 quosdrm
1163 621 1297 686 inimicos
1319 622 1431 708 gratioe
1451 620 1548 685 solum

232 752 302 797 suro
331 733 453 819 originis
482 744 660 820 occupantes
690 734 777 797 etiam
806 729 843 796 rb
873 731 923 797 illo
949 742 1063 796 secreto
1086 730 1212 795 exclusit
1233 731 1333 795 occani
1357 742 1387 794 ct
1408 726 1547 794 ordinato

232 836 331 905 Scotis
354 841 492 928 episcopo
509 838 579 905 dum
594 839 755 905 Romanam
772 840 897 905 insulam
912 837 1014 904 studet
1026 859 1144 904 servare
1159 836 1346 915 catholicam,
1370 836 1441 903 lecit
1462 839 1549 902 etiem

230 945 389 1013 brrbararn
411 948 630 1014 christianam·
670 948 724 1013 His
747 968 818 1013 vero
841 947 914 1013 locis
929 946 1059 1034 Prosper
1080 945 1138 1013 sibi
1160 948 1223 1034 ipsc
1240 966 1406 1035 repugnare
1419 945 1547 1023 videtur,

233 1075 322 1143 quum
345 1054 437 1121 altero
461 1054 571 1122 Scotm
593 1054 743 1121 medentes
766 1058 795 1119 in
820 1053 971 1122 Christum
992 1055 1123 1131 vocarit,
1151 1052 1308 1119 barbaram
1329 1075 1401 1119 varo
1424 1052 1548 1119 insulem

232 1163 335 1229 altero.
369 1162 472 1252 Neque
494 1163 568 1228 illud
591 1164 751 1241 omiserim,
777 1160 859 1252 qood
881 1161 955 1227 nihil
977 1161 1014 1228 do
1035 1162 1092 1229 hac
1109 1160 1233 1228 Prllrdii
1254 1162 1392 1227 missione
1413 1164 1443 1226 in
1461 1158 1548 1227 Cata·

232 1270 302 1359 logo
324 1269 348 1335 ll
370 1270 546 1337 Pontificum
575 1274 731 1339 invenitur.
778 1268 860 1337 Reda
887 1281 986 1336 autem
1015 1271 1068 1359 qni
1095 1268 1168 1336 haec
1195 1292 1234 1335 ex
1255 1268 1404 1357 Prospero
1432 1270 1546 1345 sumsit,

232 1378 390 1446 nihilium
414 1381 552 1448 conuarii
576 1378 612 1444 ds
635 1377 793 1445 Scotorum
822 1382 1015 1466 conversione
1041 1373 1183 1443 traditum
1204 1377 1296 1443 fuisso
1316 1377 1472 1442 verisimile
1494 1388 1548 1441 est.

232 1482 292 1551 Sed
315 1485 404 1572 paulo
427 1499 498 1573 post
518 1486 628 1555 Budam
651 1486 731 1575 apud
753 1487 910 1553 Alcuinum
936 1500 967 1552 et
986 1489 1017 1550 in
1041 1485 1153 1552 calculo
1175 1484 1252 1551 Hist.
1268 1485 1341 1551 Brit
1360 1485 1379 1571 5
1396 1481 1437 1550 16
1460 1495 1548 1573 etqua

232 1594 261 1657 in
285 1591 396 1679 hymno
421 1593 495 1659 uon.
518 1593 664 1661 Patricius
692 1596 779 1683 primi
808 1593 938 1683 apostoli
965 1594 1063 1660 locum
1090 1606 1184 1673 unet,
1214 1615 1268 1659 nec
1290 1593 1350 1658 ulla
1369 1592 1404 1657 lit
1426 1592 1549 1657 Palladii

232 1701 351 1765 tuentio.
397 1698 482 1766 Unde
509 1704 653 1791 suspicari
680 1702 763 1779 licet,
793 1700 958 1767 Palladium
985 1701 1032 1767 vel
1059 1700 1127 1767 inde
1154 1701 1192 1767 ab
1222 1701 1281 1766 hoc
1308 1713 1455 1789 tempore,
1489 1700 1547 1778 rol,

233 1827 323 1895 quum
352 1820 419 1874 ants
446 1807 487 1875 1x
515 1810 662 1876 saeculum
690 1808 812 1877 Palladii
847 1831 954 1877 nornen
984 1808 1064 1896 apud
1092 1808 1200 1876 Scotos
1229 1829 1374 1897 nusquam
1403 1820 1548 1885 occurrat,

234 1917 395 2003 antiquitus
422 1917 454 1981 in
474 1914 616 1983 Hibernia
639 1918 799 1985 Patricium
828 1940 891 1985 esse
918 1930 1067 1983 vocatum.
1113 1915 1203 2002 Quod
1230 1917 1277 1982 bis
1303 1919 1377 2004 ipsis
1397 1916 1498 1982 verbis
1518 1918 1549 1981 in

234 2020 391 2089 Tireobani
406 2023 660 2091 Annotationibns
682 2028 824 2115 seriptum
848 2038 894 2091 est
915 2024 1099 2105 »Palladius,
1124 2028 1176 2114 qui
1198 2025 1256 2091 rlio
1274 2026 1392 2089 nominc
1404 2025 1551 2090 Patricius

235 2142 361 2197 vocotus
384 2142 464 2197 est«.
500 2130 568 2216 Quo
591 2132 715 2200 forsitan
737 2137 853 2200 nomine
875 2135 1029 2220 patriciam
1052 2135 1116 2220 ejus
1138 2134 1282 2221 originem
1303 2130 1426 2197 indicari
1447 2144 1552 2198 auctor

234 2236 384 2325 Epistulae
406 2235 445 2303 ad
468 2237 639 2307 Corotieum
662 2243 802 2330 opinatus
825 2252 884 2320 est,
913 2244 966 2330 qui
992 2264 1058 2309 eum
1084 2239 1179 2307 nobili
1199 2262 1307 2330 genera
1329 2252 1427 2306 ortnrn
1447 2238 1551 2305 rendi·

234 2344 312 2412 disse
340 2346 430 2413 rosort
458 2346 651 2415 nobilitatem.
696 2348 825 2415 Posthac
847 2348 894 2415 vel
916 2349 995 2415 tituli
1017 2349 1083 2415 loeo
1106 2349 1225 2415 Patrioii
1252 2371 1360 2416 nomen
1380 2346 1549 2414 utebantur.

233 2453 343 2519 Declan
365 2457 442 2519 enirn
464 2469 495 2521 et
515 2456 603 2523 nibet
625 2459 655 2523 in
670 2456 740 2524 viu
762 2457 883 2523 Deciani
904 2457 1027 2523 Patricii
1048 2469 1203 2532 vocantur,
1227 2458 1359 2524 similiter
1381 2457 1499 2526 Cellach
1522 2471 1552 2524 at

236 2557 403 2627 Comnrbrn
427 2564 457 2625 in
478 2560 593 2651 Synod.
609 2563 678 2631 Hib.
696 2586 722 2628 a.
741 2561 836 2629 1112.
875 2564 905 2629 X
926 2587 999 2629 vero
1023 2565 1155 2643 saeculo,
1180 2587 1239 2654 quc
1258 2566 1320 2651 jam
1342 2568 1457 2631 exstitit
1471 2564 1552 2633 Con·

234 2664 322 2733 lessio
336 2667 457 2735 Patricli
480 2672 563 2757 isque
582 2670 645 2756 jam
668 2668 749 2759 apud
772 2692 872 2737 omnes
895 2673 1017 2737 summis
1039 2673 1070 2735 in
1090 2670 1257 2737 honoribus
1274 2670 1345 2750 luit,
1370 2694 1460 2762 quum
1477 2672 1551 2738 Pro·

234 2795 303 2864 sper
330 2788 361 2843 et
381 2776 462 2844 Beda
483 2776 649 2843 Pallodinm
676 2781 802 2868 primum
832 2778 923 2845 inissa
954 2781 1125 2867 episcopum
1154 2778 1358 2857 tradidissent,
1388 2783 1550 2870 pugnantia

234 2904 366 2972 coognm
389 2897 472 2951 ermt
491 2884 651 2953 reddenda.
683 2886 811 2976 ideoque
827 2886 963 2954 Vitrrum
984 2889 1144 2973 scriptores
1158 2885 1323 2953 Palladium
1342 2889 1469 2975 primum
1487 2908 1551 2954 esse

233 2994 354 3057 missum
375 3010 437 3059 non
459 3006 620 3081 negarunt,
643 2993 696 3061 sed
718 2996 832 3061 irritum
855 2994 947 3061 luisse
968 2996 1033 3083 ejus
1055 2996 1220 3084 inceptum,
1244 3007 1274 3061 et
1293 2977 1384 3084 prum
1395 2997 1458 3081 jam
1473 3017 1551 3061 runo

234 3098 294 3167 lcrc
315 3098 379 3167 431
410 3100 563 3169 advenisse
588 3105 715 3191 primum
739 3103 907 3191 apostolum
929 3125 986 3191 pro
1009 3116 1161 3191 comperto
1184 3102 1358 3183 haberetur,
1387 3102 1551 3169 Palladium

233 3208 317 3275 brevi
344 3221 414 3295 post
441 3207 480 3274 rd
501 3208 601 3277 Pictos
622 3222 822 3277 transvectum
846 3211 956 3278 obiisse
978 3211 1175 3277 confidentius
1197 3210 1388 3277 affirmrrnm
1426 3211 1551 3278 Talibus

234 3318 325 3401 igitur
352 3315 460 3396 lupulis
488 3338 549 3382 non
576 3320 669 3407 magis
698 3330 743 3383 est
769 3318 842 3385 lidos
870 3317 1007 3385 habenda
1036 3340 1125 3408 mam
1152 3318 1218 3385 eliis
1246 3319 1407 3407 ejusmodi,
1442 3318 1552 3408 quibua

234 3422 379 3491 Patricius
401 3424 512 3492 Romae
534 3424 624 3491 luisse
646 3426 777 3515 lingitur.

321 3531 451 3622 Prosper
472 3535 563 3621 igitur
584 3536 610 3600 si
631 3555 702 3599 vcra
724 3533 825 3599 retulit
847 3529 937 3616 (conl.
953 3557 1045 3623 supro
1060 3534 1096 3601 de
1112 3532 1280 3620 Germano),
1304 3533 1362 3600 boc
1377 3536 1552 3601 verisimilli-

232 3660 312 3707 mum
339 3640 441 3718 luerit,
475 3637 674 3712 Palladium
703 3638 771 3707 ulio
801 3642 935 3709 nomine
958 3640 1152 3711 Patricium
1178 3661 1254 3710 erre
1281 3652 1438 3711 uocatum
1466 3652 1501 3711 et
1528 3664 1552 3709 a

232 3746 288 3813 IX
315 3746 443 3815 mum
469 3746 625 3830 soeculo,
661 3768 725 3837 quo
752 3747 903 3817 Patricio·
930 3748 1026 3817 Vitas
1053 3750 1200 3819 ambare
1228 3761 1429 3839 coepes-m
1461 3753 1553 3817 irater

233 3854 428 3925 coarcere
446 3876 617 3943 percurens
640 3875 715 3924 asse
738 3853 945 3926 nosnatura
984 3857 1039 3925 Sin
1061 3859 1135 3925 olim
1157 3858 1215 3925 ioit
1235 3858 1381 3926 Patricius
1402 3882 1438 3926 rc
1458 3859 1553 3925 Palla·

233 3962 316 4043 dius,
349 3965 408 4032 boc
437 3963 554 4054 quidem
583 3964 766 4033 manifestum
796 3980 855 4045 est,
891 3964 990 4032 Bedrc
1020 3966 1205 4056 temporibus
1232 3967 1393 4035 Patricium
1419 3966 1552 4035 nondum
1588 4011 1593 4023 -

232 4074 360 4162 primum
381 4072 540 4141 Hiberniae
562 4074 731 4163 apostolum
753 4073 889 4140 habitum
913 4073 1014 4141 luisse

319 4180 478 4271 Reliquum
500 4194 558 4260 est,
592 4195 627 4249 ut
646 4181 818 4250 brevissime
843 4182 1000 4271 explicatis
1023 4196 1189 4272 temporum
1212 4183 1368 4252 ordinibus
1390 4181 1551 4252 Scotorum

234 4291 370 4359 ecclcsiae
391 4290 546 4357 historiam
570 4312 630 4357 uno
653 4294 685 4357 in
709 4303 871 4380 conspectu
894 4290 1057 4359 videamus.

321 4398 343 4465 1.
381 4396 587 4465 Prirrrcrdia'c
615 4400 707 4489 igitur
734 4412 834 4466 tantas
863 4412 934 4466 sunt
961 4399 1100 4467 tenebrae
1128 4400 1257 4480 offusas,
1285 4414 1321 4469 ut
1346 4403 1401 4468 vix
1426 4398 1553 4465 winulis

233 4506 293 4573 ulla
315 4505 355 4573 ad
376 4504 590 4595 dispiciendum
616 4510 656 4574 rit
677 4507 765 4575 nobis
787 4508 898 4575 relicto.
944 4508 1027 4577 Ficta
1054 4524 1139 4590 aunt,
1172 4530 1249 4599 quac
1270 4510 1391 4575 Patricii
1417 4507 1554 4573 feruntur

234 4617 354 4702 scripta.
388 4614 474 4681 Falsa
497 4635 572 4705 qnae
588 4615 663 4683 Vitis
684 4614 852 4684 uaduntur.
887 4616 1033 4685 Incertum
1055 4632 1101 4686 est
1121 4618 1169 4684 vcl
1183 4619 1321 4707 Prospcri
1342 4618 1551 4684 testimoninm.

234 4720 360 4809 Quando
383 4725 475 4813 igitur
496 4724 542 4791 vel
565 4747 583 4790 a
606 4745 665 4814 qno
687 4728 784 4814 primo
807 4728 867 4793 sint
888 4724 987 4793 Scotis
1014 4748 1098 4795 sacra
1121 4727 1281 4795 christiana
1302 4726 1403 4806 allata,
1434 4725 1554 4793 nonnisi

231 4850 286 4925 por
309 4832 508 4921 conjecturam
531 4830 589 4901 dici
610 4845 718 4926 potest
762 4832 795 4903 Si
818 4846 897 4904 recto
918 4834 1049 4927 Prosper
1070 4856 1148 4905 anno
1169 4834 1234 4905 tet
1255 4837 1319 4925 jam
1342 4834 1501 4905 medidiem
1522 4836 1553 4899 in
