3642 5309
384 204 408 281 4
912 231 980 281 car.
1000 232 1020 279 r.
1054 231 1176 283 amnas.

387 381 506 451 Cambr.
523 380 656 449 reierunt
676 376 767 469 (Anu.
785 380 965 473 Tigernaebi
979 384 1017 451 ad
1033 408 1060 453 a.
1076 382 1165 472 560).
1192 380 1303 451 Ibidem
1318 381 1358 451 ad
1372 405 1399 452 a.
1416 380 1483 451 570
1495 396 1631 453 notatum
1647 400 1707 454 est:

390 490 514 559 »Gildas
538 491 645 559 obiit«

471 602 575 691 Neque
597 600 634 667 de
656 602 774 667 nomine
797 600 860 689 ejus
884 614 930 669 est
951 600 1084 672 dubium
1121 599 1225 669 Gildus
1248 626 1266 669 a
1287 600 1369 669 Beda
1391 616 1421 671 et
1434 604 1577 682 Alcuino,
1602 601 1707 671 Gildas

383 710 617 799 apopularibns
639 725 779 791 vocatur,
810 733 937 800 quorum
964 711 1118 798 majorim
1145 710 1203 777 hac
1229 732 1262 777 re
1291 712 1451 779 auctoritas
1479 725 1533 778 est
1579 698 1708 801 Sapiens

380 840 453 884 vero
472 820 535 905 jam
554 819 617 886 VIII
639 820 773 897 saeculo,
803 820 931 887 Alcuino
955 832 1076 886 anctore
1098 831 1129 885 et
1149 818 1271 886 habitus
1293 832 1323 887 et
1343 833 1469 887 vocatus
1491 842 1555 887 esse
1576 820 1706 887 ridetur.

382 924 460 992 Sunt
489 927 609 1009 deinde,
642 930 694 1018 qui
718 926 843 997 Cormac
871 932 898 998 ei
921 950 1086 1019 cognomen
1107 927 1198 997 inisse
1220 950 1260 996 cx
1280 928 1338 997 hac
1358 928 1472 997 librarii
1493 941 1565 996 nota
1586 930 1708 996 conclu·

382 1038 473 1103 serint
495 1034 525 1125 (5
542 1034 611 1123 26):
752 1064 754 1071 >

599 1144 780 1212 »Historiam
803 1143 907 1214 Gildae
930 1143 1057 1215 cormac
1079 1148 1122 1213 sic
1144 1146 1262 1239 perlege
1284 1148 1423 1236 scriptam

591 1255 732 1322 Doctoris
756 1254 855 1344 digitis
879 1276 969 1323 sensu
991 1256 1132 1345 cultuque
1153 1255 1312 1322 redactam.

590 1364 670 1430 Haec
692 1378 795 1432 tenues
818 1377 941 1453 superat
962 1366 1072 1432 multos
1095 1366 1248 1455 carpitque
1269 1363 1449 1456 superbos·

379 1467 421 1537 dt
443 1465 569 1538 Cormac
591 1472 704 1539 librarii
726 1476 828 1561 potius
851 1495 959 1539 nornen
981 1495 1046 1540 esse
1067 1485 1200 1562 apparet.

467 1578 609 1646 Venimus
633 1580 672 1647 ad
696 1578 839 1667 Scripta
854 1580 968 1649 Gildae.
1002 1581 1118 1647 Horum
1142 1579 1203 1648 dno
1218 1591 1333 1646 tanturn
1347 1602 1443 1669 neque
1459 1583 1568 1647 vetusti
1587 1580 1705 1648 codices

377 1690 409 1754 in
423 1686 608 1755 Bibliotheca
625 1688 862 1778 Cantabrigicnsi
886 1702 1019 1768 exstant,
1045 1711 1172 1779 quorum
1195 1689 1269 1755 alter
1287 1687 1354 1755 l'.i.
1370 1687 1398 1755 1.
1412 1687 1454 1754 27
1477 1702 1599 1756 notatus
1615 1712 1707 1755 mern·

378 1796 463 1863 bren.
488 1796 539 1863 Iol.
563 1797 619 1865 sub
642 1798 730 1864 finem
751 1798 806 1864 ΧΠ
828 1797 874 1863 vel
897 1800 982 1863 initio
1005 1796 1072 1863 XIII
1094 1796 1203 1862 saeculi
1226 1818 1244 1862 a
1266 1796 1454 1863 Dunelmensi
1476 1798 1639 1876 monacho,
1670 1812 1707 1863 ut

377 1903 496 1969 videtur
518 1908 646 1994 scriptus
669 1901 719 1987 (cl.
743 1900 938 1989 Stevcnson),
968 1907 1099 1971 continet
1120 1904 1347 1993 praefationem,
1375 1906 1521 1995 capitula,
1543 1904 1705 1983 rubrIcam,

378 2011 542 2080 historiam.
587 2016 620 2081 ln
643 2015 735 2080 altero
759 2027 872 2093 autem,
898 2016 951 2103 qui
972 2025 1073 2079 notam
1095 2010 1176 2079 [hd
1192 2011 1220 2080 1.
1236 2010 1276 2080 17
1299 2012 1403 2092 habet,
1427 2012 1560 2102 Epistola
1584 2036 1706 2103 quoque

377 2124 537 2201 Invenitur,
562 2123 616 2188 sed
638 2122 758 2189 mutilus
782 2126 878 2189 estin
901 2124 997 2187 initio.

465 2228 666 2317 Polydorus
687 2226 859 2318 Varpiliaec
882 2232 997 2317 primus
1012 2226 1122 2295 Gildae
1144 2228 1238 2295 libros
1258 2230 1339 2317 typis
1360 2227 1567 2316 exprimendos
1588 2232 1706 2297 curavit

377 2360 403 2405 a.
424 2336 523 2418 1525,
548 2337 617 2405 dein
637 2336 830 2405 lescelinus
854 2334 956 2415 15683
984 2339 1035 2425 qui
1059 2357 1134 2424 quos
1157 2358 1247 2425 penes
1270 2359 1301 2401 sc
1324 2335 1440 2403 codices
1463 2337 1622 2404 habuerint
1642 2360 1703 2403 non

377 2460 503 2513 constat.
544 2444 694 2512 Galeotae
708 2468 790 2523 vero,
814 2446 865 2533 qui
886 2444 984 2509 denuo
1003 2446 1077 2508 istos
1095 2443 1186 2509 edidit
1202 2467 1228 2510 a.
1247 2441 1329 2511 1691
1348 2439 1471 2526 (Rerum
1484 2446 1573 2534 Angl.
1590 2444 1701 2533 Script.

376 2568 435 2621 vet.
447 2556 497 2632 HI,
514 2550 545 2637 1)
560 2569 678 2643 praeter
693 2554 758 2621 cod.
776 2551 862 2619 Cant.
875 2550 900 2617 F
917 2551 1048 2617 codicem
1064 2573 1183 2640 qnoque
1198 2550 1319 2619 Cotton.
1332 2550 1430 2618 Vitell.
1444 2553 1487 2631 A,
1500 2552 1540 2618 Vl
1554 2552 1703 2632 adhibuit,

377 2664 428 2751 qui
452 2674 547 2728 tamen
571 2685 636 2730 cnm
660 2663 724 2729 aliis
748 2660 879 2749 ejusdem
901 2658 1098 2726 bibliothecae
1120 2659 1203 2725 libris
1220 2684 1246 2727 a.
1264 2658 1346 2728 1731
1373 2659 1544 2727 combustus
1560 2674 1615 2727 est.
1649 2660 1703 2726 His

375 2792 446 2835 vero
471 2769 650 2839 editionibus
669 2792 803 2859 quaeque
820 2779 1103 2846 cressonessart,
1129 2790 1220 2857 quum
1236 2790 1340 2855 parurn
1355 2780 1491 2835 accurate
1505 2771 1702 2857 transcriptos

380 2876 541 2942 exhibeant
562 2878 679 2943 codices
702 2877 916 2965 praetermissis
939 2895 1039 2939 earnm
1062 2887 1176 2939 tantum
1192 2878 1367 2941 mentionem
1382 2876 1475 2954 facio,
1500 2897 1576 2965 qnae
1590 2880 1701 2943 nostris

376 2982 559 3071 temporibus
583 2985 760 3050 doctissimis
783 2984 856 3047 viris
879 2980 1047 3047 Stevenson
1070 2994 1100 3047 et
1114 2981 1211 3047 Petrie
1234 2983 1406 3049 curantibus
1429 2982 1613 3071 prodierunt
1650 2986 1700 3049 lllc

378 3090 496 3179 quidem
514 3092 603 3178 jussu
618 3090 776 3158 Societatis
798 3090 959 3155 historicae
975 3090 1154 3178 Anglicanae
1176 3112 1214 3156 ex
1231 3089 1383 3157 codicibus
1398 3092 1462 3157 istis
1479 3090 1696 3180 diligentissime

377 3196 479 3265 GHdae
501 3201 611 3287 scripta
635 3198 728 3264 edidit
749 3222 775 3265 a.
795 3196 881 3265 1838
903 3200 1066 3287 praemissa
1087 3210 1147 3263 tam
1169 3196 1366 3287 praelatione,
1389 3201 1420 3265 in
1442 3220 1501 3288 qua
1516 3199 1553 3265 dc
1569 3198 1654 3267 Gilda
1669 3210 1701 3264 ct

374 3306 458 3373 libris
483 3308 546 3393 ejus
570 3307 723 3386 disseruit,
748 3328 837 3394 qnam
852 3306 924 3373 Vita
940 3305 1093 3373 Caradoco
1110 3304 1267 3394 adscripta
1303 3306 1399 3373 Petric
1415 3328 1498 3385 vero,
1521 3304 1700 3373 Josselinum

376 3412 486 3482 Codice
510 3412 590 3481 Cot't.
615 3418 672 3481 isto
695 3436 783 3481 usum
807 3438 871 3481 esse
894 3416 1049 3503 opinatus,
1072 3413 1154 3480 hunc
1176 3417 1260 3503 sequi
1282 3415 1393 3482 maluit

463 3522 526 3589 Nos
556 3536 652 3591 autem
682 3522 856 3590 divisionem
886 3544 974 3613 quam
997 3521 1163 3589 Stevenson
1190 3521 1275 3601 iecit,
1303 3521 1411 3589 additis
1435 3520 1535 3591 Galaei
1563 3524 1701 3613 capitulis

375 3652 543 3722 sequamur.

464 3740 546 3806 Beda
568 3753 597 3809 et
612 3740 720 3805 Alcuin
742 3737 844 3805 titulos
868 3734 1013 3805 librorum
1030 3759 1091 3804 non
1106 3737 1255 3826 produnt,
1277 3736 1441 3804 losselinus
1455 3751 1614 3829 utrumque
1627 3736 1701 3828 Epi·

376 3848 481 3915 stolam
509 3850 666 3937 inscripsit.
715 3846 854 3915 Giraldus
877 3866 950 3912 vero
973 3846 1134 3912 Historiam
1159 3845 1266 3911 librum
1296 3844 1354 3911 »de
1377 3845 1493 3913 excidio
1516 3846 1694 3914 Britonum«

374 3969 472 4022 vocat.
508 3955 614 4024 Codex
643 3955 769 4045 denique
793 3954 922 4022 Cantll
944 3953 1047 4020 titulos
1078 3952 1228 4020 »Historia
1250 3953 1373 4022 GiIdae«
1403 3966 1433 4020 et
1461 3954 1615 4044 »Epistola
1636 3955 1701 4022 Gil-

377 4062 453 4129 dae«
478 4062 614 4142 exhibet,
638 4065 769 4132 Rubrica
785 4086 856 4131 vero
873 4060 1024 4129 Historiae
1045 4062 1120 4127 haec
1142 4073 1187 4128 est
1201 4065 1369 4152 praeposita
1397 4064 1522 4153 ‘Incipit
1536 4063 1612 4131 liber
1626 4085 1701 4153 que·

374 4172 457 4239 rulus
480 4170 513 4239 S.
538 4172 641 4239 Gildae
664 4172 815 4264 Sapientis
840 4171 876 4238 de
900 4168 1017 4237 excidio
1040 4168 1242 4236 Britanniae·

461 4280 516 4347 His
537 4282 706 4369 praemissis
731 4281 869 4349 adeamus
891 4280 955 4366 jam
976 4274 1167 4345 [intortam
1191 4276 1323 4346 motae.
1368 4276 1408 4347 tit
1428 4282 1525 4371 primo
1548 4278 1586 4348 dc
1607 4278 1699 4350 Prae·

373 4387 500 4467 latione,
525 4387 685 4479 Capitulis,
709 4388 843 4457 Rubrica
865 4385 1021 4454 dicendum
1045 4400 1099 4454 est.

462 4494 616 4565 Rubrica
638 4496 772 4588 quidem,
803 4519 879 4589 qnae
904 4498 937 4562 in
960 4494 1061 4563 codice
1082 4492 1107 4563 [a
1129 4508 1244 4563 tantum
1268 4509 1365 4565 exstat
1386 4497 1459 4564 nihil
1480 4508 1526 4565 est
1547 4498 1605 4565 nisi
1625 4518 1697 4589 pars

374 4602 579 4695 Capitulorum
608 4606 852 4675 antecedentium.
898 4606 1016 4672 Inititam
1045 4605 1109 4693 ejus
1139 4628 1178 4673 cx
1205 4604 1293 4673 titulo
1320 4604 1499 4673 Praelationi
1525 4612 1696 4698 praeposito

371 4726 500 4783 sumtum
522 4740 585 4785 esse
609 4716 735 4785 videtur.
772 4714 834 4786 Sed
857 4734 934 4807 quae
956 4727 1131 4803 sequuntur,
1154 4711 1335 4781 adverbum
1357 4709 1416 4782 iere
1438 4730 1607 4807 congruunt
1629 4736 1695 4783 curn
