3642 5309
702 364 769 413 cnr.
788 360 834 411 rx.
873 359 1056 414 coucuusro.
1486 336 1535 411 79

222 518 396 596 ausurum,
426 517 478 605 qni
499 514 669 583 Paschslem
695 518 785 583 ritum
814 536 925 583 novum
954 536 1083 582 errorem
1109 537 1149 580 ex
1169 526 1268 579 vetere
1290 525 1389 578 ortum
1411 514 1534 587 vocarit,

221 648 280 693 nou
301 628 399 715 magni
422 622 616 692 existimando
636 622 735 689 luerit.
769 625 835 690 Huc
851 646 971 713 qnoque
985 626 1127 712 pertinet,
1150 644 1227 711 qnae
1241 620 1305 687 Vlll
1317 620 1435 686 saeculo
1452 618 1537 685 Sonti

219 756 279 800 uon
302 746 416 801 tentum
438 730 475 799 dc
498 730 683 798 ordinatione
705 744 736 797 et
756 734 959 809 matrimonio,
983 731 1037 797 sed
1059 743 1089 797 et
1109 730 1146 796 de
1161 728 1273 796 Christi
1295 728 1333 795 ad
1356 726 1466 793 inferos
1486 727 1537 793 dc·

219 862 341 917 secuso,
365 840 401 907 do
423 839 704 928 praedestinatione,
730 840 766 906 de
788 840 862 920 alio,
887 842 941 929 qui
962 837 1018 905 sub
1042 852 1120 905 torre
1142 850 1233 917 essct,
1256 834 1368 903 mundo
1390 833 1539 902 docebant

220 946 310 1032 (coni.
327 946 393 1015 Ues.
409 946 483 1036 Syll.
498 945 591 1031 xvt).

265 1058 271 1067 “
307 1054 443 1123 liilncids
471 1054 597 1143 denique
625 1053 776 1123 doctrinas
804 1056 964 1143 specimina
992 1053 1109 1122 Claudii
1137 1066 1167 1120 ct
1193 1052 1309 1121 Scdnlii
1337 1053 1537 1119 commentarii

220 1177 250 1230 et
268 1162 412 1230 lobannis
433 1162 577 1251 Erigonae
598 1162 667 1229 libri
689 1178 769 1231 sunt.
807 1164 850 1229 At
873 1163 945 1229 haec
969 1165 1067 1229 onmis
1088 1161 1260 1228 brevissimo
1282 1159 1443 1228 delinessse
1463 1162 1537 1226 satis

221 1270 371 1337 hebernus.
415 1269 580 1337 Perorsnsit
608 1284 706 1338 suum
736 1272 784 1337 hic
813 1272 1000 1337 ecelesiarum
1027 1283 1058 1337 et
1084 1270 1235 1337 litersrunr
1263 1282 1359 1335 status
1382 1288 1478 1356 usqne
1499 1266 1538 1333 ad

220 1378 372 1451 Dsnornnr
394 1381 575 1457 invasiones,
599 1378 719 1467 quando
742 1378 847 1445 dirutis
870 1378 908 1446 ab
924 1379 980 1446 illis
996 1376 1125 1445 ecelesiis
1140 1389 1171 1443 et
1184 1378 1368 1445 momentis
1383 1377 1422 1445 ed
1436 1375 1537 1443 Gallos

220 1486 416 1576 confugerunt
438 1488 590 1567 monachi,
614 1488 723 1577 quibos
746 1508 862 1555 summo
884 1490 953 1553 usui
976 1508 1010 1553 ac
1033 1485 1132 1553 decori
1154 1500 1247 1552 erant.
1286 1483 1335 1552 Ab
1358 1484 1416 1551 boe
1439 1496 1536 1549 snum

219 1607 351 1682 tempore
373 1597 469 1663 oritur

307 1703 352 1769 lll.
380 1699 492 1771 Aetas
515 1703 617 1771 tertio
639 1726 656 1769 a
680 1703 775 1771 medio
797 1703 937 1771 lll-Xll
956 1724 1049 1782 suec,
1074 1712 1270 1791 protentum
1292 1700 1536 1789 perturbationis,

219 1822 333 1877 tanturn
357 1810 488 1898 caliginis
510 1812 622 1880 insulse
646 1811 773 1879 offusum
798 1824 857 1890 ost,
886 1825 922 1879 nt
944 1813 1064 1900 ingenis
1083 1810 1200 1875 incultu
1222 1831 1256 1876 ac
1277 1808 1415 1875 socordia
1438 1820 1538 1897 torpe·

220 1940 301 1985 scere
322 1931 351 1986 et
372 1922 452 1989 avita
474 1920 648 1987 reviviscere
671 1934 760 2009 utque
782 1940 850 1987 cnm
872 1942 941 1986 vera
964 1920 1080 1985 misceri
1101 1918 1242 2006 religione
1258 1929 1365 2005 coepte
1380 1918 1420 1982 sit
1434 1938 1537 2004 super·

219 2028 310 2091 stilio.
349 2026 429 2110 Quid
451 2028 572 2106 mirum,
603 2027 683 2117 qnod
707 2028 786 2093 nulla
809 2026 869 2093 lere
891 2026 981 2115 hujus
1004 2028 1108 2092 aetatis
1131 2038 1320 2091 monuments
1340 2036 1458 2113 praetor
1480 2024 1537 2090 l’s·

219 2136 295 2201 tricii
314 2132 537 2201 Confessiouem
560 2148 590 2200 et
604 2134 767 2222 Epistulam
790 2129 884 2217 (xllx
900 2131 995 2217 saec.)
1017 2147 1106 2222 atque
1120 2132 1206 2199 Vitss
1229 2132 1370 2213 (x-xll
1386 2128 1477 2215 cecc.)
1500 2130 1538 2194 ad

221 2262 276 2307 nos
298 2243 495 2330 pervenerint.
530 2240 595 2311 Sub
617 2242 659 2307 XI
681 2265 752 2309 vero
774 2244 884 2309 saeculi
905 2242 993 2307 finem
1016 2262 1107 2331 quum
1121 2240 1198 2309 Dani
1218 2240 1258 2306 ad
1273 2239 1424 2308 Christum
1440 2248 1538 2305 essent

219 2352 370 2427 conversi,
392 2352 506 2436 primus
525 2348 682 2417 Godredos
696 2350 833 2419 Mennise
855 2374 924 2428 rex,
948 2353 1001 2438 qui
1023 2350 1080 2417 sibi
1103 2350 1243 2435 majorem
1257 2348 1447 2437 Lsynestriae
1468 2367 1537 2435 por·

220 2468 279 2521 tem
301 2456 443 2541 subjecit,
468 2481 493 2523 a.
520 2454 605 2523 1074
627 2480 646 2524 s
667 2458 848 2537 Lanlrsnco,
878 2472 914 2525 nt
935 2457 1096 2525 Patricium
1116 2456 1241 2525 Dubliui
1261 2458 1435 2545 episcopum
1457 2453 1538 2521 ordi-

221 2573 319 2641 naret,
348 2565 442 2650 petiit.
487 2562 606 2628 Ritibus
633 2586 705 2628 vero
735 2568 796 2629 suis
819 2565 1026 2630 llihernienses
1055 2587 1143 2654 qnam
1170 2567 1296 2629 maxime
1319 2564 1487 2629 adhaesisse
1509 2575 1538 2628 et

221 2667 332 2735 ebusus
361 2669 505 2759 quosdam
526 2672 647 2759 insuper
670 2673 821 2737 emersisse
844 2694 882 2737 cx
905 2669 1061 2735 Lanlranci
1083 2670 1123 2735 ad
1145 2670 1373 2747 Terdelvacum,
1406 2667 1537 2737 Godredi

220 2798 433 2857 successorem,
457 2778 547 2843 literis
570 2780 774 2867 cognoscitur,
799 2780 850 2867 qui
875 2776 903 2844 1.
930 2800 1005 2866 »pro
1028 2777 1152 2843 arbitrio
1176 2798 1322 2866 quemque
1344 2799 1469 2842 uxorem
1491 2798 1537 2841 re·

219 2885 365 2975 linquere,
389 2885 419 2951 2.
439 2888 595 2974 episcopos
611 2908 630 2950 a
644 2887 767 2974 singulis
784 2885 915 2952 ordinari
930 2888 1092 2974 episcopis,
1116 2883 1146 2951 3.
1162 2884 1289 2951 inlantes
1304 2888 1367 2951 sine
1382 2885 1538 2951 chrismate

220 3006 392 3059 consecrato
417 2992 578 3081 baptizari,
614 2991 645 3059 ll.
669 3015 769 3059 sacros
799 2992 918 3059 ordines
943 3016 997 3081 per
1024 2995 1178 3081 pecuniam
1206 2992 1245 3059 ab
1274 2994 1421 3081 episcopis
1444 2991 1530 3058 daris

220 3103 411 3190 conqueritur
432 3097 516 3183 (Uss.
532 3099 605 3190 Syll.
621 3097 759 3184 XXVII).
799 3101 860 3167 Nec
883 3102 976 3167 multo
1000 3113 1071 3189 post
1093 3100 1255 3191 Gregorius
1269 3100 1323 3167 Vll
1343 3123 1422 3189 papa
1444 3100 1537 3166 literis

220 3208 259 3291 (a.
277 3206 375 3291 1085)
399 3230 512 3296 »quum
527 3208 615 3275 Petro
639 3210 761 3298 ejusque
783 3212 900 3275 vicariis
925 3231 1026 3274 omnes
1049 3210 1186 3275 ecclesiae
1208 3207 1346 3274 subditae
1368 3220 1479 3286 essent,
1503 3220 1538 3273 ut

221 3317 392 3396 catholicae
402 3317 539 3383 ecclesiae
552 3338 656 3405 pacem
671 3330 824 3383 tuerentur
847 3320 917 3382 etsi
932 3339 991 3406 qna
1005 3321 1124 3406 negotia
1140 3321 1324 3383 emersissent
1339 3314 1428 3404 digna
1443 3318 1537 3403 ipsius

221 3425 349 3499 anxilio,
372 3426 576 3491 incunctanter
597 3424 634 3490 ad
658 3447 721 3492 sese
744 3424 924 3513 dirigerent«
952 3424 1062 3491 Scotos
1084 3425 1222 3491 hortatus
1244 3437 1289 3488 est
1303 3417 1453 3504 (Ueserins
1467 3422 1537 3510 Syl·

219 3531 285 3620 logc
307 3528 429 3615 XXlX).
462 3532 548 3620 lsque
569 3530 721 3598 Bernardo
739 3531 815 3600 Clar.
841 3542 915 3597 teste
939 3528 1128 3598 Gillebertnm
1151 3532 1365 3597 Lissnorcnscm
1387 3526 1536 3613 (himeric)

220 3642 391 3727 episcopum
414 3639 593 3728 apostolicae
616 3639 694 3707 sedis
717 3641 846 3729 legatum
869 3643 994 3717 creavit,
1020 3643 1071 3729 qui
1094 3653 1129 3706 ut
1156 3640 1286 3706 »diversi
1309 3651 1339 3704 ct
1360 3639 1536 3705 schismatici

218 3746 260 3813 illi
283 3746 416 3826 ordines,
441 3745 550 3835 quibos
573 3747 714 3813 Hibernia
736 3770 828 3837 paene
851 3760 916 3813 tota
938 3746 1040 3813 delusa
1063 3760 1154 3827 esset,
1177 3751 1229 3814 nni
1253 3746 1413 3813 catholicae
1428 3746 1536 3811 Roma-

218 3876 274 3919 nse
302 3853 439 3921 cederent
460 3854 579 3921 officio«
608 3857 725 3945 regulas
748 3857 931 3943 conscripsit
972 3854 1031 3920 liin
1054 3853 1138 3922 Scoti
1160 3858 1341 3921 restiterunt.
1381 3855 1423 3920 At
1445 3876 1536 3943 quum

219 3962 392 4041 Malachiae,
412 3962 662 4053 Arcbiepiscopus
678 3963 911 4041 Ardmachaous,
930 3962 1104 4029 inducendis
1117 3963 1225 4029 ritibus
1239 3963 1381 4028 Romanis
1394 3983 1536 4027 summam

219 4092 339 4159 operum
366 4083 504 4137 navasset
532 4084 561 4137 et
588 4070 627 4137 ad
649 4070 798 4136 benedicti
827 4071 958 4159 regulam
985 4074 1161 4137 monasteria
1185 4071 1328 4160 quaedam
1351 4072 1534 4144 instituisset,

218 4166 351 4245 ellectum
374 4191 432 4257 est,
461 4192 497 4244 nt
519 4176 703 4245 Christianus
726 4178 919 4245 hismorensis
940 4180 1029 4266 jussu
1051 4200 1146 4268 papae
1168 4175 1190 4243 4
1213 4178 1481 4266 archiepiscopatus
1505 4179 1534 4240 in

218 4285 360 4353 llibernis
382 4309 409 4352 a.
432 4284 518 4353 1152
542 4290 748 4365 constitueret,
772 4286 894 4354 concilio
919 4286 1046 4376 denique
1069 4285 1244 4355 Cesscliensi
1266 4308 1292 4351 a.
1314 4284 1400 4351 1172
1422 4284 1536 4374 hoglo-

218 4415 284 4459 rnm
306 4397 383 4484 regis
406 4416 463 4482 ope
485 4395 635 4461 Romanae
658 4395 782 4461 insulam
804 4394 867 4461 sedi
889 4393 1058 4482 subjiceret.

305 4502 410 4569 lisdem
433 4504 524 4591 igitur
545 4502 604 4569 lere
627 4502 773 4571 aetatibus
796 4501 1004 4591 distinguenda
1026 4515 1071 4569 est
1085 4500 1245 4569 Scotorum
1264 4502 1403 4569 ecclcsiae
1419 4524 1454 4569 ac
1469 4498 1535 4567 Bri·

219 4622 322 4676 tonum
344 4610 476 4679 historia.
510 4610 607 4700 Hujus
630 4611 749 4701 quidem
768 4609 931 4701 primordia
946 4609 984 4677 sd
999 4614 1230 4699 persecutionem
1244 4610 1472 4685 Diocletisnam‚
1496 4609 1535 4675 ad

217 4716 342 4785 Pelludii
364 4720 530 4786 missionem
552 4720 630 4787 illius
652 4732 785 4809 repetere
807 4719 884 4785 licet.
919 4720 949 4786 A
970 4718 1112 4787 Romanis
1133 4732 1231 4787 autem
1251 4719 1403 4799 britones,
1426 4718 1465 4785 sb
1486 4718 1534 4783 bis

218 4826 343 4895 lorsitsn
366 4840 432 4894 ente
447 4827 569 4895 Palladii
591 4840 724 4915 tempora
740 4826 824 4895 Scoti
843 4827 1015 4915 religionem
1034 4828 1222 4895 christianam
1236 4831 1332 4918 primo
1348 4839 1532 4916 receperunt.
