3642 5309
359 350 408 424 36
843 374 908 423 cnr.
927 376 970 423 ιιι.
1012 374 1096 425 mar.
1115 376 1198 424 surr.

413 520 428 593 5
447 518 559 577 19-30.
632 516 658 575 3.
676 518 978 583 Historiood'cesore
990 521 1161 581 udGsortl.
1202 521 1287 589 Roda,
1306 520 1430 589 Orosius,
1447 522 1518 579 iiior.
1537 520 1634 577 ciros.

431 700 544 758 19-22.
669 698 693 757 1.
709 700 821 759 Caesar
830 702 887 760 adr.
895 701 1051 775 abbacia,
1059 700 1162 761 siritii
1206 700 1273 759 coni
1290 699 1373 771 beda,
1391 702 1485 759 Gbron.
1504 702 1575 758 Bier.

387 840 396 859 ,
465 790 509 848 23.
667 790 847 851 Bassidina
865 834 1162 853 ............
1206 791 1296 848 Claud.
1309 811 1365 847 cum
1376 792 1461 847 Druso
1474 801 1545 861 patre
1557 790 1685 847 confusus

705 879 814 940 Lucina
827 899 881 940 rex
895 902 917 938 a.
931 882 982 939 167
995 894 1056 958 post
1067 885 1127 940 Chr.
1154 926 1162 941 .
1205 883 1265 938 inde
1284 883 1377 938 desunt
1394 880 1491 937 calculi.

467 1000 498 1011 -
536 1011 543 1025 .
667 969 692 1026 3.
711 972 831 1029 severus.
859 974 884 1028 d.
901 974 1021 1030 (laritius.
1049 973 1075 1031 5.
1093 975 1161 1029 Con·
1206 973 1311 1029 Summa
1334 972 1460 1027 confusio.
1497 972 1609 1027 Severus
1631 970 1685 1035 bis,

668 1064 1017 1121 immurmurantibus
1039 1062 1065 1119 6.
1077 1065 1161 1119 blaxi-
1240 1064 1368 1120 Maximus
1387 1062 1420 1117 ob
1437 1078 1530 1117 nomeu
1545 1078 1606 1115 sanc
1619 1062 1685 1116 acri-

666 1169 734 1207 mns.
760 1151 786 1207 7.
797 1153 976 1211 Maximianus.
1000 1152 1028 1210 8.
1041 1154 1161 1212 Severus.
1240 1161 1313 1225 ptum
1325 1153 1379 1219 bia;
1396 1151 1486 1207 Consi.
1498 1150 1609 1207 Chlorus
1623 1167 1684 1203 cum

666 1239 692 1296 9.
705 1240 881 1300 Constantius.
1240 1244 1355 1315 imperat.
1365 1240 1440 1297 Rom.
1451 1250 1477 1296 ct
1489 1260 1545 1296 cum
1554 1238 1685 1295 Constan-

842 1332 913 1403 529.
931 1331 1028 1388 librarii
1042 1332 1161 1388 additam.
1240 1334 1294 1387 tino
1313 1340 1422 1406 tyranrm
1442 1330 1574 1386 confusus.

462 1419 506 1478 28.
669 1417 805 1477 Calculus
822 1424 921 1494 imperii
939 1422 1015 1479 Rom.
1032 1420 1086 1478 163
1104 1440 1162 1479 aun.
1205 1421 1278 1477 aliter
1295 1422 1372 1476 Beda.

463 1508 506 1566 30.
665 1506 839 1583 leporinam
862 1550 1159 1569 ............
1206 1512 1293 1568 couicr
1310 1510 1388 1566 Beda.

409 1598 425 1670 §
442 1597 556 1657 31-49.
630 1596 657 1655 d.
679 1598 880 1675 Gucribipcrni
897 1599 1028 1659 distcrla.

356 1685 602 1761 (titivm-ulli)

462 1776 506 1833 31.
666 1780 797 1837 Saxonum
816 1781 950 1838 adventus.

426 1865 540 1925 32-35.
665 1870 782 1926 Germani
800 1872 921 1927 miracula
939 1880 965 1927 et
982 1889 1039 1927 cum
1051 1871 1160 1928 binortb
1204 1871 1271 1928 iama
1293 1873 1354 1928 baec
1373 1869 1439 1943 apud
1458 1870 1577 1925 Britonca
1596 1870 1685 1941 periri-

426 1954 540 2012 36-19.
665 1964 802 2016 conantio.
1240 1961 1371 2018 bebantur.

443 2046 459 2118 5
477 2046 520 2103 56.
627 2044 654 2104 5.
674 2046 796 2107 Artdcri
812 2066 861 2109 res
878 2058 985 2125 postne.

382 2133 469 2205 (cxli
486 2145 512 2193 et
525 2136 584 2208 cet.)

446 2358 529 2443 Quae
552 2358 589 2425 do
612 2362 724 2449 origine
740 2359 897 2428 Britonum
912 2360 1131 2451 Scotorumqne
1153 2362 1322 2441 traduntur,
1344 2361 1433 2449 plane
1454 2359 1578 2427 confusa
1599 2374 1679 2427 snut

355 2462 404 2533 Ex
425 2466 599 2554 Hieronymi
627 2472 706 2535 uotis
735 2482 765 2535 et
788 2468 940 2537 Gallorum
967 2471 1188 2537 narrationibus
1212 2470 1407 2558 Genealogiao
1435 2472 1508 2535 istae
1531 2468 1679 2534 coniectae

355 2586 385 2641 et
406 2576 437 2639 in
452 2572 634 2641 Britanniam
657 2576 759 2643 allatae
782 2599 846 2644 csso
866 2577 1015 2645 videntur.
1047 2579 1132 2645 Vana
1148 2580 1224 2645 euim
1239 2578 1390 2664 Trojanae
1405 2578 1527 2666 originis
1541 2577 1681 2665 gloriatio

350 2684 413 2771 jann
435 2682 476 2747 Vl
502 2682 620 2749 sacculo
649 2683 820 2751 Hunibaldo
844 2686 959 2752 Franco
988 2697 1063 2753 teste
1091 2688 1270 2761 invaluerat.
1303 2707 1392 2774 quum
1421 2684 1581 2751 aFrancis
1604 2682 1682 2749 Galli

354 2791 499 2879 paulatim
520 2790 737 2881 subigerentur.
773 2792 866 2883 Origo
891 2808 990 2861 autern
1011 2793 1050 2859 ad
1064 2794 1216 2861 Britonem
1232 2794 1325 2861 relata
1340 2791 1437 2859 dill'ert
1451 2812 1537 2879 quam
1552 2794 1684 2857 maxime
1802 2813 1804 2886 ξ

355 2896 601 2986 aBosoriptiune
622 2898 696 2965 Brit.
721 2896 752 2986 (ἓ
768 2898 801 2984 7)
831 2901 883 2966 ubi
907 2902 1077 2969 Britanniae
1099 2924 1206 2969 nomen
1230 2926 1247 2967 a
1269 2901 1363 2967 Bruto
1387 2900 1506 2965 consulo
1529 2899 1686 2966 derivatur

354 3002 478 3089 (Confer
499 3006 607 3073 Nolam
630 3004 705 3072 Cod.
723 3006 791 3073 Vnt.
822 3022 891 3074 ante
914 3010 933 3095 ᾖ
956 3005 1019 3094 12).
1056 3007 1179 3097 Itaque
1205 3031 1249 3076 na
1276 3005 1366 3072 illud
1392 3006 1523 3094 qnidam
1552 3016 1686 3075 aarum

355 3121 419 3195 cst,
442 3134 521 3181 nam
535 3111 732 3199 Descriptio
755 3122 789 3181 ei
807 3112 914 3204 Origo
938 3115 982 3182 ab
1005 3115 1121 3182 eodem
1143 3115 1192 3185 ait
1213 3115 1380 3201 confecta.
1418 3113 1574 3181 Sufficiant
1595 3115 1683 3183 baec.

443 3222 493 3288 Ad
507 3218 774 3288 ecclesiasticam
787 3218 981 3289 Historiam
995 3238 1109 3314 spectat
1134 3223 1162 3291 1.
1179 3220 1282 3291 Iassii
1295 3222 1472 3291 conversio
1486 3222 1518 3309 (ᾖ
1529 3220 1583 3289 23.
1594 3222 1685 3304 XIX)

356 3354 431 3423 quae
454 3354 542 3420 quarn
564 3333 698 3418 imperite
722 3344 751 3397 ot
773 3332 957 3422 negligenter
979 3334 1018 3397 sit
1041 3345 1175 3411 ramata,
1194 3335 1257 3420 jam
1280 3355 1372 3421 supra
1393 3332 1557 3397 docuimus.
1591 3330 1686 3418 Ejus-

357 3440 423 3507 dem
451 3442 570 3505 omnino
599 3441 715 3527 generis
744 3453 828 3517 sunt,
860 3463 936 3529 quae
965 3439 1001 3506 de
1029 3438 1198 3508 Germano
1226 3440 1387 3507 traduntur
1407 3436 1439 3525 (9
1459 3435 1600 3505 32-36.
1627 3438 1684 3508 33.

355 3545 498 3615 47-50.
521 3546 622 3615 XXIX
637 3560 667 3612 et
681 3560 735 3613 cet.
759 3547 856 3615 XLIX
872 3562 902 3615 et
917 3543 994 3632 ceu).
1035 3545 1160 3615 Causam
1183 3548 1274 3636 bujus
1296 3548 1440 3614 adventus
1461 3568 1558 3636 neque
1579 3568 1687 3636 cespe-

356 3659 437 3723 nisse
465 3676 560 3744 neque
593 3658 712 3721 omnino
741 3678 829 3723 nosse
858 3668 964 3722 auctor
992 3654 1125 3734 videtur,
1160 3660 1212 3745 qui
1248 3657 1298 3722 »ln
1326 3669 1475 3744 tempore,
1510 3657 1566 3733 ait,
1600 3656 1685 3722 illius

358 3759 512 3848 (Guortb.)
534 3766 616 3829 venit
632 3762 793 3831 Germanus
816 3762 854 3829 ad
876 3763 1106 3853 praedicandum
1128 3766 1160 3829 in
1174 3764 1358 3830 Britannia«
1392 3764 1448 3829 llic
1470 3776 1567 3829 autern
1581 3764 1684 3831 tribus

356 3874 453 3962 primo
476 3871 638 3951 miraculis,
662 3875 836 3939 resuscitato
861 3894 900 3938 cx
922 3872 1040 3938 ossibus
1055 3872 1160 3950 vitulo,
1183 3886 1279 3939 morte
1300 3894 1387 3938 servo
1409 3870 1576 3959 praedicta,
1600 3892 1685 3936 com·

357 3978 447 4047 busta
461 3982 580 4069 tyranni
595 4002 675 4059 arce,
701 3983 785 4070 quasi
800 3980 865 4069 ipse
880 4002 913 4046 se
927 3978 1041 4047 inducit
1055 3974 1086 4065 (ᾗ
1102 3976 1243 4045 32-35,
1260 3978 1360 4045 XXlX
1376 3990 1405 4046 et
1420 3973 1498 4059 ceu).
1527 3974 1684 4046 Subulcus

359 4088 442 4167 dein,
468 4089 518 4178 qui
540 4087 667 4177 benigne
690 4110 755 4154 eum
780 4090 906 4177 accepit,
932 4110 998 4155 curn
1022 4085 1125 4153 sfiliis
1142 4086 1338 4176 omnibusque
1361 4088 1424 4175 ejus
1438 4087 1567 4174 regionis
1582 4082 1684 4153 borni·

357 4197 446 4265 nibus
470 4219 487 4262 ι
511 4194 656 4263 Germano
679 4196 849 4287 baptizatus
872 4200 985 4286 primus
999 4195 1188 4263 Porisiorum
1210 4217 1265 4261 rex
1287 4197 1410 4262 exstitit.
1445 4193 1536 4281 Apud
1550 4191 1683 4261 Porisos

357 4308 451 4397 igitur
472 4318 538 4371 orta
560 4303 633 4372 haec
655 4302 755 4373 labula
778 4328 841 4373 esso
856 4305 991 4384 videtur,
1016 4308 1063 4371 cui
1086 4305 1260 4370 simillimam
1281 4326 1343 4370 nnn
1361 4316 1457 4369 tamen
1472 4300 1593 4367 eandem
1608 4302 1683 4371 Hei·

357 4416 437 4481 ricus
460 4438 477 4479 a
499 4411 600 4479 Marco
623 4414 813 4483 Anacboreta
841 4413 985 4481 audierat.
1033 4411 1175 4502 Sequitur
1201 4413 1425 4501 praeclarissimi
1453 4413 1585 4499 episcopi
1610 4434 1682 4478 cum

359 4522 536 4614 nequissimo
564 4542 634 4609 rcge
663 4525 812 4589 contentio
835 4518 867 4610 (ἕ
884 4519 936 4589 36.
958 4520 1077 4588 XXXV
1091 4534 1121 4586 ct
1135 4518 1214 4604 cet.).
1261 4520 1480 4609 Guortbigerno
1507 4520 1582 4585 cuim
1605 4531 1683 4587 tunc

360 4632 454 4696 omnis
469 4629 638 4699 Britanniae
652 4634 769 4699 miseria
784 4632 929 4721 assignari
944 4630 1067 4697 solebat.
1099 4626 1261 4697 Germanus
1276 4630 1368 4719 igitur
1382 4640 1545 4696 convocata
1558 4628 1682 4718 syuodo

360 4738 399 4806 ob
422 4740 565 4807 incestum
588 4739 709 4808 damnat
731 4739 983 4829 Guortbigernum
1006 4751 1036 4806 ei
1056 4740 1088 4805 in
1103 4736 1271 4805 (lambriam
1294 4737 1510 4829 confugientem
1532 4740 1681 4828 seqnitur.

446 4848 495 4914 ille
523 4873 540 4915 a
568 4854 662 4941 magia
690 4852 751 4919 suis
775 4848 945 4929 concilium,
976 4848 1118 4921 auxilium
1140 4870 1159 4917 a
1180 4844 1352 4923 Sororibus
1373 4850 1462 4936 petit,
1491 4848 1540 4916 bic
1561 4848 1681 4915 orando
