3642 5309
367 340 418 417 22
908 365 976 413 car.
994 364 1027 415 rr
1064 365 1157 415 aros

366 516 446 585 libro
470 512 615 605 §tt-13
638 517 771 584 inseruit.
809 514 880 583 lude
902 506 975 583 vero
999 540 1136 585 reversus
1159 517 1199 586 ad
1219 516 1343 586 Maximi
1364 532 1500 609 tempora
1522 513 1612 606 (38³)
1637 518 1701 588 Gil-

368 625 436 693 dam
466 625 505 691 ad
535 625 661 694 verbum
687 626 747 693 lere
776 627 964 715 transcripsit
989 648 1086 717 usque
1114 626 1152 694 ad
1181 628 1383 695 obsessionem
1406 629 1550 697 Badonici
1577 630 1700 697 montis.

368 736 477 803 lterum
501 733 568 802 dein
591 734 715 814 adres,
747 757 823 824 quae
851 747 939 802 antea
961 750 1137 815 evenerunt,
1166 737 1293 815 recedit,
1322 736 1376 803 sed
1397 738 1469 804 satis
1491 739 1589 828 inepte
1611 737 1703 808 Vitas

371 840 509 910 Germani
530 854 646 933 partem
668 845 772 910 inserit
795 841 898 911 Gildae
920 847 1085 911 narrationi
1108 842 1195 931 §tlt

460 948 562 1016 Beda
589 950 697 1039 ipitrcr·
726 971 814 1038 quoe
843 948 887 1016 od
918 948 998 1019 ooo
1027 951 1161 1035 Ιαιιιιὶι,
1192 962 1324 1021 tantm
1353 950 1451 1020 abest
1469 960 1509 1020 at
1529 952 1567 1021 in
1587 974 1705 1021 rerum

372 1071 620 1147 temporumque
649 1057 805 1125 ordinem
831 1058 1024 1148 redoperi&
1051 1070 1091 1128 ot
1117 1059 1182 1129 itta
1210 1062 1356 1149 confusa
1375 1062 1493 1150 potius
1514 1062 1707 1130 reddiderit

373 1178 476 1256 atquo
502 1166 656 1235 obscura.
695 1164 758 1233 Sed
779 1190 841 1233 non
864 1181 973 1234 temero
995 1181 1113 1236 tantum
1135 1193 1170 1236 ac
1191 1171 1317 1237 fortuito
1339 1194 1387 1236 res
1410 1173 1575 1261 congessit,
1598 1193 1706 1237 verum

374 1281 460 1343 etiam
476 1276 549 1343 falsa
565 1274 693 1340 induxit
723 1274 900 1365 Legationes
918 1276 1037 1365 quidem
1053 1281 1174 1367 quasin
1190 1277 1340 1346 Chronico
1354 1278 1490 1345 Honorio
1505 1291 1536 1344 et
1549 1277 1705 1345 Tbeodll

372 1379 820 1474 imperatoribuslll2li-441l
843 1384 938 1451 laetas
959 1384 1058 1464 refert,
1081 1389 1191 1452 rectius
1213 1407 1290 1452 anno
1314 1383 1380 1453 423
1402 1388 1517 1477 priores
1539 1386 1632 1452 luisse
1653 1388 1705 1453 bic

373 1506 488 1572 narrat,
513 1493 566 1558 sed
588 1492 805 1579 imperitissime
828 1492 974 1559 calculum
990 1494 1188 1573 obsessionis,
1213 1493 1295 1584 quod
1312 1517 1397 1561 nemo
1414 1496 1522 1574 nescit,
1545 1492 1704 1561 subduxit

374 1602 459 1668 Alios
481 1601 531 1667 hic
554 1583 724 1667 enumerare
748 1622 881 1677 errores,
906 1603 958 1690 qui
981 1604 1103 1669 minoris
1126 1615 1198 1669 sunt
1218 1604 1373 1681 momenti,
1397 1604 1520 1691 longum
1541 1614 1599 1671 esc

463 1708 513 1776 Ad
546 1708 780 1776 Ecclesiasticam
812 1706 890 1775 Hist.
926 1720 1063 1798 spectant
1096 1708 1171 1800 Cap.
1201 1710 1252 1778 Ν
1282 1711 1333 1777 vt.
1364 1710 1426 1779 vll.
1448 1710 1530 1777 -Vlll,
1558 1708 1597 1777 X.
1627 1708 1704 1777 Xlll.

374 1816 603 1887 XVIE-XXI.

464 1926 586 1994 Omissis
610 1948 686 2017 quae
710 1948 748 1993 ex
769 1922 900 1992 Eusebio
923 1924 1024 1993 Gildas
1049 1926 1085 1994 de
1100 1927 1270 1997 Britanniae
1294 1928 1488 1996 conversione
1508 1940 1618 1995 temere
1634 1949 1706 1994 con·

376 2038 476 2119 clusit,
501 2036 581 2104 Reda
603 2036 689 2107 Lucii
711 2036 936 2103 conversionem
958 2037 1069 2105 retulit

745 2214 848 2286 Latois·
868 2217 963 2307 repis
987 2212 1165 2287 ιιιιιινιίο
1188 2214 1332 2311 caprv.

465 2364 507 2433 Ire
533 2362 715 2444 Chronico,
733 2362 821 2453 quod
843 2362 974 2430 Bedac.
993 2386 1020 2429 a.
1038 2361 1102 2430 725
1125 2366 1259 2451 scripsit,
1282 2364 1355 2429 baec
1377 2359 1524 2451 prodidit:

464 2470 631 2543 A.-161
644 2467 724 2540 180.
758 2471 820 2539 Μ.
844 2470 1016 2538 Antoninus
1032 2470 1128 2538 Verus
1152 2494 1219 2538 cum
1241 2472 1332 2537 fratre
1354 2470 1447 2536 Lucio
1470 2470 1592 2537 Aurelio
1614 2467 1704 2536 Com·

376 2582 465 2652 modo
489 2604 583 2649 annos
608 2579 660 2660 10,
684 2603 813 2648 mensem
836 2601 929 2645 unum
952 2592 983 2645 et
1004 2592 1103 2647 cet...
1142 2578 1291 2647 Defuncto
1315 2557 1480 2648 Commodo
1503 2578 1594 2647 fratre
1608 2578 1705 2643 Anto·

376 2696 478 2760 nioum
495 2689 691 2760 Commodum
712 2690 806 2757 lilium
828 2710 915 2755 suum
940 2701 1107 2756 consortem
1129 2692 1214 2779 regni
1236 2688 1308 2757 iacit
1329 2702 1361 2757 et
1375 2701 1430 2755 ιιι
1462 2687 1573 2755 Lucius
1587 2687 1705 2753 Britan·

376 2802 442 2868 niae
469 2822 525 2866 rex
552 2802 641 2865 missa
670 2796 709 2863 ad
738 2797 930 2866 Eleutherum
956 2797 1072 2864 Rornae
1097 2795 1281 2888 Episcopum
1309 2796 1435 2887 epistola
1460 2807 1497 2862 ut
1518 2792 1707 2862 Gbs'stianus

273 2988 279 3000 ¹
378 2908 537 2985 efficiatur,
561 2910 709 2994 impetrat.
723 2953 731 2972 .
745 2955 753 2972 .
767 2928 798 2971 ,ι

467 3012 560 3082 Hoc.
574 3010 669 3079 Eccl.
687 3010 719 3093 1,
734 3011 765 3078 4.
796 3012 856 3081 nl.
873 3010 910 3079 ab
926 3012 985 3077 lnc.
1001 3010 1061 3078 Do.
1079 3007 1142 3077 156
1164 3011 1207 3077 Μ.
1224 3011 1336 3081 Antan.
1357 3012 1456 3079 Verus
1471 3010 1602 3078 decimus
1618 3034 1710 3100 quar·

379 3140 428 3193 tus
452 3122 490 3190 ab
513 3124 652 3211 Augusto
680 3142 804 3209 regnum
829 3142 896 3186 cum
918 3119 1041 3186 Aurelio
1065 3118 1155 3185 fratre
1177 3122 1317 3209 suscepit
1364 3120 1499 3207 Quorum
1520 3118 1710 3209 temporibus

381 3255 471 3323 quum
486 3229 673 3297 Eleutherius
695 3230 742 3294 vir
764 3241 883 3295 sanctus
899 3227 1090 3294 Pontificatui
1104 3228 1256 3295 Romanae
1279 3229 1417 3297 ecclesiae
1438 3241 1604 3318 praeesset,
1627 3228 1712 3294 misit
1809 3229 1810 3284 ἓ

382 3342 420 3408 ad
443 3364 508 3407 eum
523 3339 633 3431 Lucius
649 3336 867 3404 britanniarum
890 3360 946 3403 rex
968 3336 1123 3426 epistolam
1147 3336 1307 3403 obsecrans
1326 3352 1364 3404 ut
1383 3360 1440 3427 per
1458 3339 1524 3424 ejus
1536 3334 1711 3402 mandatum
1809 3325 1810 3382 l

383 3448 568 3517 Christianus
598 3446 777 3525 efficeretur,
809 3459 839 3513 et
865 3468 939 3512 mox
967 3444 1102 3512 effectum
1129 3448 1197 3535 piae
1217 3446 1429 3534 postulationis
1452 3457 1628 3511 consecutus
1652 3459 1709 3511 cst.

383 3554 615 3646 susceptamque
643 3552 730 3621 fidem
753 3554 889 3623 Britanni
915 3576 1012 3643 usqua
1040 3556 1073 3620 in
1093 3566 1228 3643 tempora
1250 3552 1425 3621 Diocletiani
1446 3554 1589 3645 principis
1610 3556 1711 3624 invio·

382 3667 470 3733 latam
492 3668 695 3754 integramque
718 3666 818 3752 quieta
839 3666 869 3727 in
892 3684 966 3752 pace
987 3661 1180 3729 servabant·

317 3758 321 3767 ¹
471 3774 627 3859 Epitome
649 3768 694 3837 Η.
709 3768 752 3835 Ε.
775 3768 814 3852 V,
838 3770 890 3838 24.
927 3771 987 3837 ab.
1011 3770 1050 3837 D.
1072 3771 1132 3838 luc.
1158 3768 1220 3839 167
1243 3771 1431 3839 Eleutbcrius
1453 3770 1566 3839 Rornae
1587 3772 1711 3859 praesul

385 3885 479 3950 lactus
505 3880 545 3948 15
569 3883 651 3947 annis
672 3879 834 3946 Ecclesiam
855 3880 1068 3969 gloriosissime
1087 3881 1181 3946 rexit:
1204 3880 1253 3944 cni
1274 3879 1375 3945 literas
1395 3901 1451 3945 rerr
1465 3880 1634 3946 britanniae
1648 3880 1711 3946 Lu-

384 3995 446 4061 cius
468 3994 599 4068 mittens,
623 3999 658 4055 ut
681 3986 868 4056 Christianus
891 3988 1056 4054 alliceretur
1076 3990 1164 4076 petiit
1184 4000 1214 4053 et
1235 3990 1434 4076 impetravit«

473 4099 556 4167 Beda
584 4096 642 4164 sibi
671 4098 734 4186 ipse
762 4108 924 4186 repugnat,
955 4095 1101 4186 siquidem
1122 4100 1314 4185 imperatores
1337 4098 1411 4164 istos
1432 4094 1522 4165 modo
1544 4094 1709 4165 Eusebium
1809 4083 1810 4140 l

386 4223 504 4278 secutus
527 4211 557 4273 in
574 4204 722 4272 Chronico
746 4201 783 4270 ab
800 4226 877 4271 anno
896 4201 958 4273 161
983 4225 1121 4295 regnasse
1143 4204 1248 4283 refert,
1270 4203 1360 4272 modo
1376 4206 1414 4273 ab
1430 4228 1507 4273 auno
1526 4200 1589 4273 156
1603 4228 1711 4272 secun-
1809 4185 1810 4264 l

387 4320 457 4387 duro
473 4316 612 4383 Orosium
626 4314 664 4380 H.
679 4312 750 4393 Vlll,
769 4310 820 4391 17,
844 4314 935 4401 hujus
958 4335 1068 4380 annum
1082 4311 1207 4381 ΑΜΕ.
1223 4310 1286 4380 911
1306 4337 1382 4395 uon,
1404 4328 1440 4381 ut
1461 4313 1604 4391 debebat,
1627 4337 1709 4381 anno
1809 4291 1810 4326 ³

389 4426 453 4495 158
476 4423 527 4491 sed
552 4420 615 4490 156
638 4425 856 4511 interpretatus.
895 4418 1014 4511 Pugnat
1036 4420 1105 4488 dein
1120 4420 1291 4489 Chronicon
1314 4446 1380 4490 curn
1402 4422 1548 4501 Historia,
1572 4422 1655 4510 quod
1677 4425 1709 4490 in
1809 4451 1810 4454 ¹

387 4536 438 4601 illo
461 4533 569 4600 Lucius
597 4532 710 4596 misisse
735 4532 834 4597 literas
855 4528 951 4597 lertm·
973 4528 1112 4597 delrmcto
1136 4528 1300 4597 Commodo
1324 4528 1356 4617 (i.
1373 4556 1398 4598 c.
1424 4525 1499 4614 171)
1521 4530 1553 4594 in
1574 4528 1709 4599 ffiatoria
1809 4555 1810 4558 ¹

388 4646 459 4711 vivo
484 4638 587 4707 codem
609 4634 702 4728 (quod
728 4653 804 4706 esset
826 4650 893 4705 ante
918 4636 1004 4722 166).
1043 4637 1180 4706 Calculus
1204 4637 1345 4729 denique,
1370 4642 1421 4730 qui
1443 4642 1474 4704 in
1494 4636 1631 4729 Epitome
1654 4661 1708 4707 ox·

389 4764 463 4829 stat,
487 4768 664 4838 quanquam
687 4750 815 4815 concinit
836 4770 904 4815 cum
927 4746 1093 4826 Chronico,
1115 4746 1265 4813 Historiae
1286 4762 1442 4837 repugnat.

478 4856 568 4949 Quod
594 4856 634 4925 ad
659 4856 860 4929 Eleutherion
887 4859 1009 4939 attinet,
1037 4852 1266 4932 &mrum
1292 4856 1529 4947 episcopum
1556 4854 1709 4954 cslolopr‘
1809 4863 1810 4870 '
