3642 5309
289 325 338 398 'id
775 344 841 394 ose.
859 344 907 393 rx.
943 343 1119 397 remotos.

286 498 397 567 Bedam
420 494 481 582 (ill,
501 492 554 581 19)
577 508 690 572 exstat,
713 496 833 565 Patrieii
855 500 966 563 mentio
988 496 1136 577 nolluit,
1159 496 1214 565 sed
1234 502 1267 564 in
1280 500 1415 565 versione
1430 500 1493 585 eine
1507 498 1605 567 Sero-

285 612 367 687 niea‚
389 606 421 674 X
442 607 502 673 sere
516 605 635 673 merulo
651 606 769 692 scripta.
805 604 947 673 Similiter
959 607 992 670 in
1006 602 1158 672 termedo
1173 602 1369 686 Columbae,
1391 628 1483 696 quun
1493 606 1605 673 Adan-

285 739 382 783 nenus
409 718 527 803 seripsit
556 710 768 797 (eoo-704)
796 711 892 781 Vtrae
908 712 1133 799 praefatione
1160 714 1302 804 nqutdm
1327 716 1499 805 proselytus
1519 716 1603 781 brito

286 824 318 891 S.
342 823 462 890 Patrieii
494 822 676 910 discipulos«
711 834 899 887 memoratur.
944 819 1161 887 Proebtionem
1193 843 1265 887 vero
1298 825 1400 902 iatam,
1436 827 1603 913 quicunque

287 956 352 999 eum
375 935 468 1021 prima
492 942 522 997 et
543 929 620 996 libro
643 931 709 1018 ipso
733 928 905 1006 contulerit,
928 928 1066 994 fictitiam
1087 950 1151 995 esse
1173 927 1257 995 facile
1279 944 1449 1017 cognoscet.

213 1026 215 1038 '
354 1040 426 1107 ‚Hie
447 1037 529 1105 aliud
550 1038 750 1104 testimonium
771 1036 993 1125 adjungendum
1016 1048 1076 1113 est,
1100 1035 1184 1125 qnod
1205 1059 1243 1104 ex
1263 1036 1444 1106 (immitte
1466 1035 1544 1107 Vim
1565 1037 1603 1107 ob

285 1148 414 1237 aequali,
448 1160 484 1213 ut
510 1158 632 1235 putant,
666 1143 723 1212 sub
751 1143 803 1209 Vll
832 1145 941 1211 aaeenll
966 1144 1056 1211 finem
1084 1148 1196 1233 seripta
1222 1144 1381 1230 adducitur
1408 1144 1503 1229 (enni.
1526 1147 1604 1215 beta

285 1258 356 1323 Ben.
379 1256 417 1333 ll,
438 1251 527 1337 tet).
563 1252 728 1321 Monachus
752 1254 827 1318 enim
851 1254 903 1341 qui
925 1254 1014 1319 morti
1036 1252 1114 1319 illius
1135 1275 1168 1319 se
1189 1252 1320 1321 edioiese
1342 1254 1429 1333 dieit,
1452 1276 1516 1321 een
1537 1278 1605 1321 eum

292 1363 376 1430 »dies
402 1364 592 1429 assumtionis
621 1361 685 1447 ejus
714 1363 983 1449 appropinquaret,
1010 1362 1124 1427 misisse
1151 1360 1271 1428 stateem
1294 1361 1456 1451 quendam,
1484 1366 1538 1451 qni
1564 1362 1603 1429 ab

285 1472 392 1539 Ultimo
419 1473 576 1559 peregrino
603 1470 633 1533 in
656 1469 680 1535 F
682 1471 816 1535 osmensi
844 1470 1038 1548 monasterio,
1074 1468 1194 1559 quondo
1221 1472 1288 1558 ipso
1318 1472 1501 1559 ‘migratura
1528 1482 1605 1537 esset

285 1580 323 1645 de
344 1580 400 1645 bae
422 1579 502 1655 lure,
532 1588 764 1665 percontaretur.
812 1574 869 1643 cui
891 1574 1015 1643 Ultenos
1044 1576 1162 1643 »Hodie
1183 1577 1255 1645 XVI
1275 1577 1341 1643 Kal
1363 1577 1439 1665 Ape.
1464 1590 1510 1643 est
1529 1575 1604 1656 dies,

284 1691 414 1755 mmtioo
436 1698 532 1752 autem
556 1684 604 1751 die
627 1687 703 1749 inter
723 1684 881 1751 Missurum
904 1684 1055 1751 sollennia
1077 1696 1108 1750 et
1122 1697 1176 1751 eet.
1200 1685 1251 1751 itu
1273 1684 1366 1775 Virgo
1381 1683 1454 1754 Cbr.
1478 1685 1515 1753 de
1537 1709 1603 1753 eor·

284 1818 358 1885 pore
379 1798 540 1883 migratura
562 1805 616 1858 eet
650 1790 690 1858 llt
711 1791 759 1859 dic
774 1792 832 1871 illi,
855 1805 965 1859 utnon
980 1796 1101 1859 timmt.
1115 1843 1123 1860 .
1137 1840 1146 1860 .
1162 1795 1233 1882 qnia
1247 1792 1282 1859 B.
1295 1791 1474 1861 Potrieieee
1484 1791 1603 1880 Epeo.

285 1926 350 1970 eum
374 1903 471 1969 electis
495 1901 605 1990 angelis
627 1900 683 1967 Dei
710 1912 740 1966 et
767 1921 833 1966 eum
861 1903 974 1989 ingenti
1001 1902 1096 1990 gloria
1118 1903 1215 1990 parati
1236 1913 1321 1980 sunt,
1350 1924 1413 1967 eam
1435 1905 1598 1991 mipene·

284 2012 364 2078 llere
384 2011 447 2088 ille,
471 2010 580 2100 quibua
603 2007 685 2075 addit
707 2011 784 2076 inter
805 2006 862 2075 alie
884 2009 974 2095 bujns
995 2007 1092 2086 modi,
1115 2030 1148 2074 se
1170 2007 1309 2075 deiunetr
1324 2008 1446 2099 Virgine
1462 2012 1604 2077 suavissi-

284 2142 365 2186 mum
387 2117 508 2185 odorem
532 2120 666 2184 sensisse.

372 2228 451 2295 lotor
471 2222 612 2295 Alerini
636 2244 756 2315 quoqne
779 2222 917 2291 Carmina
939 2219 1004 2306 (ed.
1026 2224 1142 2291 Ratisb.
1168 2221 1271 2305 team
1295 2224 1334 2304 ΙΙ,
1356 2246 1427 2317 pag.
1449 2224 1534 2310 219)
1556 2228 1604 2293 rel

290 2338 519 2425 ohseriptiones
541 2334 674 2401 locorum
697 2354 872 2399 soenorum«
900 2354 926 2398 e.
953 2330 1015 2399 tto
1044 2332 1119 2399 baee
1146 2336 1289 2413 emunit,
1325 2332 1396 2401 md
1415 2354 1514 2406 arnae
1535 2332 1599 2402 SS.

283 2442 429 2511 Patrios·
449 2454 485 2511 et
507 2438 653 2507 alienon
675 2438 873 2509 Santones:

497 2548 658 2615 »Potritiur
681 2546 834 2616 cleranos
856 2545 1017 2615 Sentornrn
1039 2548 1134 2638 glorie
1155 2551 1252 2638 gentis

514 2659 615 2747 Atque
637 2654 841 2725 Columbanoe
863 2654 1034 2746 congellus
1055 2655 1250 2725 ddemnrnus
1270 2669 1360 2746 atque

515 2764 661 2834 Praeebri
683 2778 783 2855 patres
804 2786 920 2832 morum
941 2767 1080 2853 vitaeque
1101 2767 1235 2854 magistri

517 2874 573 2941 Hie
594 2873 733 2962 preeibne
755 2876 850 2961 pietas
871 2874 980 2940 Mnaso
1001 2894 1058 2939 nor
1080 2872 1202 2960 adjuret
1223 2892 1357 2939 onmes·

283 2984 367 3070 Quae
389 2986 413 3049 ei
434 2996 515 3049 reete
535 2983 663 3049 Alonion
685 2980 875 3062 tribuuntur,
898 2981 956 3047 snb
971 2982 1035 3048 Vlll
1048 2981 1159 3047 manli
1180 2980 1267 3047 linem
1287 2982 1319 3047 io
1333 2979 1513 3051 Srnetom
1527 2979 1603 3048 Seo-

283 3106 381 3159 tornm
404 3112 526 3157 numero
541 3089 688 3156 Patricius
710 3088 830 3155 habitus
852 3102 905 3155 est.
944 3090 988 3156 At
1008 3088 1086 3155 idem
1098 3088 1244 3155 Aleninne
1265 3110 1361 3177 neque
1382 3092 1415 3155 in
1427 3088 1523 3177 lipist.
1536 3088 1599 3159 221

285 3201 322 3268 ad
344 3201 461 3267 Fratres
483 3198 605 3265 Hibero.
629 3218 725 3287 neque
747 3198 818 3264 alias
839 3197 961 3264 Petrieii
981 3199 1160 3264 mentionem
1180 3196 1261 3263 feeit

372 3304 531 3375 Heio-ioue
552 3304 659 3401 deiude
680 3304 844 3373 Autissiod.
868 3307 899 3371 in
922 3305 992 3373 Vita
1014 3304 1153 3372 Germani
1181 3301 1296 3373 eiii
1321 3308 1450 3393 seriptn.
1485 3305 1603 3372 »Patri-

282 3420 361 3484 eiorr
383 3415 541 3482 Hiberniae
562 3415 738 3504 peculiarem
758 3415 949 3503 apostolum·
976 3426 1074 3480 vorat.

370 3526 404 3591 ln
425 3521 578 3591 Romame
606 3522 732 3613 denique
752 3518 1012 3611 Mortyrolopio
1040 3522 1079 3589 ed
1098 3522 1241 3589 Martiam
1259 3521 1345 3588 xvu
1370 3524 1514 3610 seriptum
1539 3535 1602 3591 este

291 3636 343 3701 ‘ln
364 3633 506 3700 Hibernia
530 3631 637 3698 antelis
664 3654 688 3697 s.
710 3631 831 3698 Petrieii
854 3633 986 3720 episcopi
1008 3643 1038 3696 et
1059 3630 1253 3708 eonsessoris,
1282 3633 1333 3719 qni
1355 3631 1469 3719 primns
1490 3630 1602 3699 ibidem

282 3742 435 3811 Christum
465 3740 680 3829 evangelizavit
706 3750 736 3806 et
762 3742 897 3807 meximis
927 3741 1075 3805 mirroolb
1102 3753 1133 3808 et
1153 3738 1316 3805 virtutibus
1337 3738 1475 3805 claruit«
1518 3738 1602 3823 Quae

283 3850 404 3942 quando
420 3853 451 3915 in
466 3849 714 3937 blartyrologium
729 3846 816 3924 illud,
840 3846 961 3936 pando
984 3850 1016 3913 in
1038 3848 1095 3913 alie
1111 3860 1202 3914 notae
1222 3847 1330 3914 eion‘lee
1343 3846 1455 3914 luerint
1466 3858 1601 3935 reeoptee

283 3962 369 4049 plane
389 3962 570 4048 ignoremus
611 3955 801 4023 Testimoniis
822 3959 917 4045 igitur
936 3976 1032 4046 neque
1054 3957 1101 4022 bis
1122 3959 1168 4023 uti
1190 3955 1266 4021 lieet

371 4066 420 4133 Ex
447 4066 543 4132 tribus
568 4067 663 4155 igitur
690 4084 765 4153 qnae
786 4063 829 4130 IX
851 4064 969 4130 saeculo
997 4066 1100 4152 priene
1124 4064 1273 4131 bibentem
1299 4064 1481 4141 testimonie.
1510 4084 1602 4152 qoem

284 4175 345 4242 duo
367 4178 424 4243 iste
447 4174 499 4239 Vll
519 4173 637 4240 merulo
666 4171 815 4261 adscripto
837 4170 931 4239 dabie
950 4175 1028 4251 sint,
1054 4194 1095 4239 ne
1117 4172 1213 4239 diem
1232 4172 1318 4251 bete,
1347 4180 1443 4241 certo
1464 4170 1508 4240 de
1529 4169 1599 4242 Pa-

284 4283 383 4351 nicio
409 4300 517 4369 meque
544 4280 735 4349 memorio
762 4289 922 4360 exstant,
954 4300 1063 4367 neque
1087 4280 1220 4365 scripto
1249 4276 1368 4348 Bedoe
1395 4280 1599 4367 vaporibus

284 4390 489 4478 oretiqeeioro.
526 4388 588 4457 Sed
605 4392 667 4477 jam
691 4402 792 4467 antea,
817 4410 904 4477 quem
926 4389 1000 4455 haee
1016 4388 1186 4479 diligentius
1198 4387 1320 4456 inerunt
1332 4386 1487 4477 indagem,
1510 4412 1549 4456 ex
1562 4412 1599 4456 eo

285 4498 367 4589 qnod
389 4520 484 4587 neque
506 4498 587 4586 apnd
607 4500 823 4588 Augustinum,
846 4518 943 4586 neque
965 4496 1047 4585 epod
1067 4498 1211 4563 Plotinam
1233 4494 1352 4564 Celestii
1372 4496 1453 4566 vitre
1473 4500 1599 4585 scripto-

282 4630 345 4677 rem
368 4607 405 4674 de
425 4606 554 4673 Patricio
577 4606 739 4695 quidquem
761 4617 913 4685 manumet,
939 4604 1059 4692 Byoee
1087 4628 1114 4671 n.
1140 4602 1239 4683 1618,
1262 4604 1424 4674 Pataieiom
1444 4605 1598 4683 eonelusit,

284 4738 345 4782 non
367 4715 395 4779 V
417 4716 534 4782 saeeido
563 4714 616 4783 sed
643 4728 748 4805 postea
775 4715 886 4781 vixisse
919 4709 1015 4796 (roni.
1039 4712 1134 4780 Wrre
1160 4711 1271 4802 Seript.
1298 4712 1346 4782 ed.
1375 4713 1477 4782 llarrie
1504 4711 1597 4796 340).

279 4820 442 4895 Moeno
470 4844 541 4893 vero
569 4820 614 4909 (a.
640 4820 743 4913 1700)
771 4824 820 4895 eoi
845 4822 938 4893 aniles
962 4826 1053 4907 istam
1081 4824 1211 4918 quaein
1233 4821 1598 4908 vimexsmnttabuee.
