3642 5309
712 343 779 393 cer.
797 342 844 393 rx.
880 342 1054 393 sermome.
1494 318 1540 392 tt

222 494 348 565 Patricio
377 491 573 561 adscribenda
601 496 641 561 eit
667 506 696 560 et
718 492 868 584 quondam
892 492 1047 561 Conieseio
1069 492 1191 560 Patricii
1211 490 1302 559 luerit
1322 504 1443 571 vocem,
1470 512 1543 565 num

222 600 352 687 ssedem
380 601 459 668 dicta
486 602 630 690 quaedem
656 624 711 691 per
732 622 836 669 manus
858 602 969 669 madito
989 602 1115 677 inerint,
1145 624 1184 666 en
1204 600 1282 667 sorte
1305 600 1430 690 epistole
1452 622 1542 689 quee-

222 709 303 785 dum,
334 730 393 798 que
414 708 551 777 reinterit
573 713 719 799 quispiane
743 714 892 777 seniorum
915 712 1134 786 eminuere,
1163 710 1254 796 hujus
1275 708 1344 775 libri
1367 710 1451 798 quasi
1473 707 1541 776 ton-

220 815 388 885 damentum
414 819 576 895 exstiterit,
607 840 646 888 en
673 841 711 885 ex
737 819 784 885 bis
807 818 945 889 omnibns
967 818 1016 883 illc
1038 816 1128 883 luerit
1149 817 1339 903 compilatus:
1374 816 1541 883 difficillime

220 923 407 1011 dijudicetur,
430 945 531 1011 mucre
553 923 730 993 concilim
751 928 903 993 rumoris
919 923 1211 1014 quicumquefuit,
1233 923 1345 1009 spectu
1356 921 1541 1008 penteco-

220 1052 293 1099 ruos
316 1032 372 1099 sit.
410 1032 556 1099 Patricius
579 1036 655 1099 enim
677 1036 741 1122 ipse
763 1036 788 1099 ei
811 1034 979 1101 senioribus
996 1034 1034 1101 de
1049 1035 1235 1100 accusatione
1249 1030 1375 1120 quedem
1392 1031 1450 1095 boe
1463 1029 1541 1097 libro

221 1160 252 1207 se
274 1163 402 1231 pergere
423 1140 534 1219 uoluit,
559 1161 613 1207 eur
634 1155 695 1220 tot,
720 1163 796 1231 quse
819 1141 857 1207 ed
879 1164 942 1209 rem
963 1144 1082 1209 minime
1102 1143 1267 1228 pertinent,
1290 1138 1410 1205 narret?
1433 1136 1489 1205 Sin
1503 1136 1544 1203 ed

220 1247 427 1315 Hiberuieuses
456 1250 590 1337 scripsit,
620 1270 675 1317 cnr
698 1248 810 1317 ledere?
843 1248 897 1317 Sin
920 1253 1014 1317 vitam
1034 1271 1119 1316 suem
1142 1246 1329 1315 conscribere
1350 1246 1408 1313 eibi
1430 1268 1543 1335 prope·

220 1358 294 1433 suit,
319 1378 385 1425 eum
408 1355 444 1425 dc
466 1356 638 1435 itineribus,
662 1357 793 1425 ecclesiis
813 1356 957 1435 conditis,
981 1356 1018 1423 de
1040 1359 1188 1446 episcopie
1205 1356 1390 1432 constitutis,
1414 1352 1451 1420 de
1465 1356 1543 1443 regi·

219 1464 277 1531 bus
305 1485 340 1530 ec
366 1466 502 1554 populis,
533 1487 609 1554 ques
631 1462 670 1531 ed
691 1463 779 1533 fidem
802 1464 979 1533 adduxisset
998 1478 1187 1533 narraturum
1209 1461 1354 1552 quaedem
1377 1460 1468 1529 inisse
1490 1483 1543 1530 ex·

219 1584 375 1659 spectares.
422 1574 560 1641 Atto-cn
590 1572 648 1639 hoc
671 1573 735 1659 ejus
758 1572 915 1641 consilium
937 1573 1029 1641 inisse
1050 1572 1178 1639 ridetur.
1223 1570 1328 1639 Relcte
1350 1572 1426 1635 enim
1449 1571 1543 1658 cupti-

219 1682 309 1746 vitete
331 1704 387 1747 suc
408 1694 438 1747 et
460 1683 653 1747 conversione
676 1702 707 1746 se
729 1694 827 1749 tacere
849 1681 905 1747 Dei
926 1681 1070 1749 benedeie
1089 1680 1185 1758 uelle,
1214 1679 1269 1747 sed
1297 1678 1473 1747 »confitmi«
1500 1679 1544 1745 eit

227 1788 390 1857 »mirebilie
419 1791 482 1875 ejus
510 1810 609 1855 cerem
632 1791 712 1857 omni
734 1791 887 1858 radone«
940 1789 1016 1857 Dein
1037 1788 1184 1878 Symboio
1205 1786 1409 1876 imprudenter
1430 1791 1541 1856 inserto

219 1900 261 1963 sic
282 1899 380 1985 pergit
408 1908 613 1985 »quapropter
636 1897 705 1967 olim
727 1899 864 1986 cogitevi.
878 1896 1009 1969 seribere
1030 1896 1084 1965 ced
1106 1909 1136 1965 et
1157 1916 1252 1984 usque
1266 1916 1346 1964 nunc
1360 1895 1537 1963 haesitavi«

219 2004 295 2073 Tum
324 2004 397 2071 nihil
425 2006 525 2092 potins
552 2004 659 2083 bebet,
689 2026 777 2094 qnam
806 2018 841 2071 ut
867 2006 1043 2094 imperitum
1071 2026 1155 2073 suam
1178 2016 1316 2080 earnem,
1345 2006 1456 2099 qnippe
1479 2004 1541 2092 qni,

219 2134 293 2201 quoe
314 2110 485 2181 adolescens
507 2133 569 2181 nou
590 2110 740 2189 didicerit,
760 2114 823 2199 jem
845 2135 939 2181 senex
953 2110 1083 2201 adpetat.
1118 2110 1263 2200 &uniter
1278 2113 1458 2199 captivitatis
1473 2133 1542 2177 ner·

219 2223 310 2298 rctio,
347 2218 506 2309 codemque
533 2218 636 2293 iisdem
666 2218 728 2287 iere
755 2219 853 2289 verbis
887 2221 981 2289 relate
1008 2222 1094 2309 qussi
1121 2219 1221 2287 altere.
1267 2216 1330 2285 Sed
1356 2221 1483 2287 maxime
1509 2222 1542 2285 in

218 2327 382 2398 visionibus
406 2326 611 2398 enumerandis
633 2340 776 2397 vomatur.
812 2327 898 2397 Adde
922 2327 1005 2418 quod
1027 2328 1164 2395 ecelesiae
1185 2326 1348 2396 Albanieae
1369 2339 1482 2405 statue,
1506 2340 1543 2393 ut

217 2457 306 2525 supra
321 2436 465 2513 vidimus,
488 2436 566 2504 illiue
589 2440 693 2504 scutis
716 2437 857 2505 historice
880 2436 967 2525 plone
988 2448 1137 2525 repugnet
1148 2437 1271 2524 jamque
1285 2448 1386 2508 utrum
1398 2437 1540 2523 majorem

194 2572 196 2574 ·
217 2544 292 2615 liber
312 2542 452 2613 exbibest
473 2563 571 2611 rerum
595 2556 818 2632 temporumque
841 2546 987 2615 inscitiam
1007 2568 1046 2612 eu
1067 2546 1156 2613 animi
1177 2556 1336 2631 egestatem
1356 2542 1438 2609 haud
1457 2543 1542 2611 iecile

217 2650 374 2721 ducenas.
414 2650 493 2737 Quid
515 2650 628 2717 multe?
657 2646 701 2718 Si
722 2670 802 2721 cere
824 2650 1002 2721 Persaeus
1028 2646 1280 2733 cenfessionem
1300 2650 1441 2734 empsit
1468 2650 1540 2717 »iu-

216 2758 356 2831 doctus«
393 2757 554 2846 profecto
584 2778 627 2826 cc
661 2758 925 2829 »rusticissimus
951 2758 1042 2845 fuit·
1082 2776 1146 2823 nec
1172 2756 1306 2827 omniuo
1333 2754 1410 2837 ille,
1444 2775 1541 2844 quern

214 2868 351 2937 smmis
369 2866 507 2953 posteri
528 2862 688 2935 laudibus
712 2862 929 2937 extollebant,
967 2862 1033 2936 Sim
1050 2862 1151 2951 salec
1165 2873 1231 2947 cst,
1252 2884 1324 2938 oon
1338 2862 1447 2933 seduc
1456 2865 1541 2952 ficta

215 2986 284 3057 cst,
306 2974 369 3045 red
390 2974 493 3043 ctiam
513 2973 667 3059 ioppe-ite
689 2972 903 3061 absurdeque
922 2972 1016 3059 ficte.

303 3084 333 3153 2.
368 3079 530 3169 mureto
550 3080 601 3148 od
619 3078 819 3153 terestres.
852 3082 944 3155 Deest
965 3094 1062 3150 autem
1078 3081 1183 3147 titulus
1197 3082 1230 3147 in
1243 3079 1346 3147 codiee
1359 3080 1440 3148 Nero
1454 3080 1495 3161 Ε,
1509 3080 1537 3149 1.

212 3192 266 3259 ubi
295 3194 339 3263 cic
366 3193 578 3278 scriptumest
606 3188 756 3277 »Explicit
777 3190 895 3269 liberi,
924 3192 1032 3278 incipit
1051 3189 1195 3258 toccu·
1242 3187 1375 3257 Corotici
1396 3190 1539 3259 militibus

212 3322 305 3389 quum
328 3300 381 3367 bae
403 3300 503 3368 literne
525 3301 587 3388 regi
610 3296 773 3366 efferendus
796 3298 982 3375 tradidisset,
1008 3300 1067 3385 ipsi
1089 3300 1214 3363 irrisisse
1237 3319 1288 3362 eos
1311 3311 1417 3365 auctor
1437 3299 1536 3368 reiert.

213 3410 313 3497 usqne
340 3408 397 3477 sub
423 3407 510 3476 linem
540 3409 587 3473 »si
610 3407 698 3493 quie·
728 3408 770 3477 rit
797 3404 1024 3479 »renuntiet
1046 3405 1167 3494 gerulus
1189 3408 1229 3471 sit
1249 3404 1354 3471 herum
1377 3407 1537 3489 literarum,

213 3530 249 3583 ut
273 3517 444 3604 enumquam
472 3512 667 3581 subtrahetur
695 3516 870 3591 tremine,
900 3512 954 3589 sed
983 3534 1081 3580 coram
1106 3515 1185 3581 omni
1206 3514 1320 3601 populo
1343 3527 1373 3581 et
1396 3513 1537 3584 Corotico

213 3625 322 3713 teget·
372 3623 448 3689 Dein
485 3623 530 3687 »ei
558 3619 721 3689 redidcrint
749 3622 884 3709 optivos
912 3642 1003 3688 senos
1030 3619 1149 3689 futures
1175 3642 1242 3687 cese
1268 3621 1317 3687 bic
1339 3635 1369 3689 et
1390 3625 1422 3690 in
1444 3638 1538 3693 ceter-

212 3752 315 3801 orum«
365 3728 551 3799 ACorotici
578 3732 654 3796 cuim
682 3729 825 3797 militibus
848 3728 1086 3802 Christianorum
1115 3730 1189 3795 elios
1218 3742 1360 3817 »postera
1382 3730 1446 3813 die,
1478 3756 1538 3823 quc

213 3840 362 3907 ebriemeti
388 3838 534 3925 neophyti
562 3840 696 3909 inverte
725 3836 850 3905 mudida
876 3838 1073 3926 flagrarent«,
1103 3838 1283 3918 trucidatos,
1312 3840 1385 3907 elios
1408 3840 1446 3907 ab
1469 3845 1536 3932 ipso

214 3946 354 4017 Corotieo
382 3948 463 4035 genti
490 3958 629 4016 externae
657 3947 784 4012 menime
806 3944 897 4019 Pictis
926 3957 956 4010 et
978 3943 1077 4011 Scotie
1103 3945 1241 4012 venditos
1269 3968 1333 4015 esse
1360 3948 1458 4015 relert.
1503 3952 1535 4017 ln

211 4057 397 4144 ceptiverum
419 4065 517 4121 autem
539 4075 662 4120 numero
681 4053 871 4141 epistolarum
894 4066 1000 4124 ructor
1015 4057 1078 4142 ipsc
1093 4053 1184 4120 fuisse
1198 4052 1326 4122 videtur.
1363 4056 1444 4123 Dicit
1457 4060 1534 4125 euim

210 4186 243 4231 sc
264 4166 297 4229 in
318 4161 478 4231 Scotorum
500 4160 711 4251 Pictorumque
733 4182 839 4232 merus
861 4184 925 4231 esse
948 4162 1098 4229 traditum.
1139 4162 1280 4230 Similiter
1308 4168 1415 4252 ’quasi
1435 4180 1533 4235 extra·

211 4274 281 4341 uei«
310 4272 352 4342 eit
381 4269 470 4339 »fecti
492 4290 626 4337 sumus«
759 4290 762 4298 ·

298 4378 464 4451 Litererum
484 4380 600 4447 initium
623 4378 681 4445 boc
702 4390 761 4445 est:
801 4379 969 4449 »Putricins
989 4392 1130 4468 peccator
1150 4379 1289 4447 indoctus
1310 4382 1421 4449 scilicet
1441 4382 1532 4451 Hibe·

208 4492 293 4556 ricne
315 4492 508 4556 consitutum
530 4490 702 4577 episcopum
725 4508 771 4553 me
794 4508 857 4556 esse
880 4487 1009 4555 interr·
1047 4488 1115 4557 Non
1138 4502 1236 4555 tamen
1259 4488 1382 4557 diacono
1405 4492 1458 4560 sed
1480 4494 1530 4561 de·

208 4599 333 4664 cerione
354 4618 386 4663 ee
408 4608 509 4665 natum
532 4616 596 4663 esee
617 4608 701 4682 petre
724 4608 754 4663 et
767 4595 888 4663 vendita
909 4596 1066 4664 nobilitate
1087 4620 1142 4664 sus
1164 4601 1241 4665 inter
1262 4598 1405 4667 burburus
1426 4615 1529 4690 gentes

210 4704 390 4794 proselytam
412 4726 446 4771 ac
468 4702 627 4793 profugum
651 4704 785 4774 habitere
806 4704 905 4773 refert
944 4705 1034 4791 Quod
1054 4729 1073 4772 e
1097 4705 1304 4786 confessione,
1328 4730 1394 4775 eum
1416 4732 1476 4800 que
1497 4714 1529 4778 in

210 4813 275 4887 elib
302 4810 393 4883 rebus
412 4812 549 4907 sponte
576 4814 730 4893 converit,
758 4812 914 4908 paululum
942 4812 1048 4889 eutero
1093 4814 1148 4884 liet
1169 4836 1290 4913 quoque
1311 4821 1408 4891 oredo
1429 4822 1527 4900 mnus
