3642 5309
684 352 751 402 csr.
767 352 791 400 r.
825 346 947 401 ennae
1427 320 1478 397 tu

145 498 279 591 deniqne
306 504 425 591 asapius
453 500 795 583 ermenteriarum,
830 524 856 569 e.
877 524 908 592 g.
944 497 1012 567 »his
1040 494 1124 569 denia
1150 494 1257 587 bisque
1286 497 1476 587 quaternis«,

152 612 289 677 »evincit
310 614 428 701 gurgite
448 611 578 693 moles«,
608 624 784 703 »gemetque
807 632 1010 701 perennes«

241 718 320 786 llere
343 719 461 809 quidem
482 721 630 809 prolixius
649 744 707 788 nos
730 724 937 799 orroei-us,
962 722 1033 809 quir
1054 712 1259 785 deficientibus
1273 737 1397 805 prorsus
1413 714 1477 783 aliis

146 825 300 909 lentibus,
323 850 364 896 en
379 827 482 897 Gildue
503 832 621 921 scriptis
642 842 704 897 tam
726 831 793 920 qnia
814 843 844 897 et
858 830 954 920 qualis
968 830 1033 917 ipse
1048 827 1211 904 exstiterit,
1235 847 1324 914 quarn
1338 824 1478 891 ecclesiae

147 948 249 1003 status
271 936 367 1027 qualis
387 936 479 1007 luerit
497 962 534 1007 ea
556 952 668 1019 autrta,
691 938 833 1030 quodque
853 939 1006 1006 literrruu
1018 957 1114 1026 genus
1128 935 1272 1025 viguerit,
1296 955 1478 1024 wemm-

147 1042 225 1111 dum
248 1058 302 1113 eat.

241 1152 337 1221 Natus
370 1167 416 1223 est
445 1154 547 1223 Gildas
574 1159 606 1223 ln
635 1153 774 1225 flambrio
801 1178 829 1223 a.
853 1152 936 1235 516,
973 1176 1035 1245 quo
1062 1166 1135 1243 post
1161 1154 1318 1221 continuas
1345 1151 1479 1217 bestium

147 1262 333 1351 irruptiones
362 1268 516 1331 sevarios
543 1262 614 1333 belli
635 1263 855 1333 vicissitudines
884 1286 947 1354 pax
973 1264 1088 1352 patriae
1109 1274 1199 1351 utque
1219 1261 1341 1327 libertas
1362 1258 1479 1327 reddita

148 1384 209 1437 est.
243 1369 330 1438 Tunc
352 1374 444 1461 igitur
464 1376 619 1443 restitutas
641 1386 712 1441 aunt
733 1374 886 1453 ecelesiae,
910 1372 1281 1448 numerusnumerous,
1304 1381 1377 1435 tunc
1391 1370 1480 1435 etiam

147 1479 255 1546 literae
275 1481 308 1545 in
323 1478 462 1549 Cambria
484 1484 674 1563 reviviscere,
697 1485 757 1549 nisi
779 1482 863 1549 mais
886 1483 998 1548 moriri
1020 1491 1191 1569 coeperunt.
1229 1476 1321 1544 Vides
1342 1478 1481 1566 igitruin

149 1584 258 1654 Gildaa
287 1590 405 1677 seriptis
428 1610 490 1657 non
511 1591 600 1671 illud,
629 1590 713 1683 qnod
735 1592 882 1681 explicato
905 1602 1074 1678 temporum
1096 1586 1200 1654 ordine
1221 1585 1371 1674 rebusque
1393 1606 1481 1650 accu-

147 1708 216 1761 rate
244 1694 395 1785 dispositis
427 1712 515 1788 alque
543 1701 620 1767 iuter
646 1722 678 1769 se
706 1703 791 1767 nexis
820 1698 967 1765 dilucidae
996 1696 1123 1765 efficitur
1151 1717 1185 1762 ac
1212 1693 1359 1784 perlectae
1385 1715 1481 1782 genua

147 1804 310 1885 historiae,
334 1806 387 1873 scd
409 1807 551 1878 elementa
573 1822 688 1876 tanturn
711 1822 800 1899 atque
821 1806 1026 1896 imperfectum
1048 1827 1096 1871 res
1118 1804 1210 1871 literis
1232 1800 1369 1869 tradendi
1391 1822 1482 1889 expe·

147 1914 320 1981 rimntum.
364 1915 392 1980 le
420 1920 497 1983 enim
526 1938 617 2008 quum
640 1916 684 1985 30
711 1916 772 1984 l'ere
801 1930 872 2006 post
900 1926 1104 2004 recuperatam
1129 1910 1295 1979 libertatem
1317 1912 1401 1977 annis
1417 1910 1483 1994 jum

148 2020 290 2087 luxuriae
313 2043 429 2091 morum
445 2026 676 2114 simplieitatem,
700 2048 803 2115 paeern
822 2024 907 2091 bellis
922 2023 1075 2101 civilibus,
1098 2020 1155 2086 Dei
1171 2020 1282 2086 cultum
1297 2018 1390 2085 cultui
1405 2019 1484 2083 vitae

154 2129 257 2197 cedere
278 2130 408 2211 rideret,
436 2132 571 2222 Epistola
591 2138 720 2224 primurn
743 2130 824 2217 (anta
847 2155 874 2200 a.
892 2128 970 2214 bii)
993 2129 1062 2196 dein
1083 2129 1216 2195 Historia
1240 2123 1279 2211 (a.
1296 2122 1375 2210 560)
1396 2144 1484 2213 pruc-

156 2241 310 2305 teritorum
332 2252 498 2329 temporum
522 2243 662 2331 exemplis
684 2243 846 2332 populares
868 2239 908 2306 ad
929 2236 1129 2306 emendandos
1151 2258 1250 2303 mores
1265 2257 1406 2302 revocare
1420 2246 1484 2301 stu·

152 2346 229 2415 duit.
275 2347 357 2415 Haec
383 2351 476 2438 igitur
501 2350 559 2417 sibi
580 2352 710 2418 scribere
732 2351 906 2441 proposuit,
942 2368 1044 2436 equae
1065 2344 1251 2434 temporibus
1272 2347 1485 2432 imperatorum

151 2454 357 2523 Romanorum
379 2470 409 2523 et
429 2480 517 2547 passa
539 2462 579 2526 sit
599 2473 630 2527 et
652 2461 716 2527 aliis
738 2460 872 2526 intulerit
895 2456 1011 2523 civibus
1031 2454 1119 2543 longe
1134 2456 1242 2543 positis
1256 2452 1365 2520 muln«
1403 2452 1486 2518 Haec

151 2584 227 2631 vcro
244 2562 345 2631 Gildas
367 2586 429 2631 non
450 2580 511 2635 tum
534 2569 690 2649 historice,
715 2590 803 2658 quarn
820 2568 967 2633 oratorice
982 2564 1029 2629 vel
1046 2563 1157 2651 tragice
1173 2564 1355 2652 perscripsit.
1390 2559 1487 2626 lllultr

154 2672 256 2760 igitur,
280 2694 356 2762 quae
378 2675 472 2741 aliena
495 2696 558 2741 esse
581 2698 600 2741 u
622 2677 746 2743 consilio
771 2698 826 2741 suo
848 2674 1024 2739 viderentur
1045 2674 1154 2736 omisit.
1191 2670 1296 2759 Neque
1311 2672 1431 2736 omuino
1452 2667 1487 2734 id

151 2781 232 2867 egit,
253 2792 289 2845 ιιι
308 2802 407 2849 rerum
427 2796 655 2873 temporumque
678 2804 802 2861 causae,
826 2802 939 2859 nexus,
962 2799 1139 2867 progressus
1160 2779 1409 2864 perspicerentur,
1432 2774 1487 2839 sed

152 2890 397 2976 conspicerentur
417 2894 519 2979 petius
543 2904 672 2958 reulum
696 2892 781 2981 quusi
796 2892 940 2979 picturae.
978 2886 1079 2951 Primo
1094 2887 1187 2975 igitur
1200 2885 1359 2972 pristinum
1372 2882 1486 2948 insulae

151 2998 310 3085 gentisque
333 2998 508 3065 uRomanis
530 3001 672 3067 subactae
695 3013 805 3068 statum
828 2996 1034 3073 adumbravit,
1059 2993 1128 3059 dein
1144 2993 1321 3059 ιιιιίιιὶιιιιιι
1334 2991 1486 3079 religionis

151 3104 248 3170 veluti
269 3106 405 3172 eoelestis
428 3106 532 3174 sideris
556 3122 672 3189 omum,
697 3108 828 3187 eulmen,
851 3128 991 3172 occasum
1014 3102 1159 3191 depinxit.
1202 3101 1278 3167 Hinc
1302 3100 1341 3167 ad
1361 3099 1487 3167 Maximi

151 3224 290 3300 tempora
311 3214 473 3302 perductus
496 3216 675 3284 calamitates
697 3218 826 3307 bellique
850 3212 1008 3302 descripsit
1028 3208 1258 3277 vicissitudines.

243 3318 370 3387 Addidit
392 3322 519 3414 denique
542 3346 613 3391 snae
636 3329 740 3393 aetatis
762 3326 925 3413 picturam,
949 3342 1009 3410 qua
1023 3320 1183 3408 periclitari
1196 3314 1366 3406 respublica
1380 3314 1485 3397 salute,

154 3448 239 3495 saera
262 3429 378 3495 turbari
400 3445 430 3498 et
451 3432 562 3522 negligi
585 3447 691 3523 coeptu
714 3446 807 3499 erant

245 3535 297 3604 Sic
320 3538 370 3604 ille
397 3541 429 3605 in
455 3562 545 3607 uuam
574 3562 679 3631 saepe,
710 3563 786 3631 quae
808 3540 918 3606 sensim
940 3549 1103 3604 evenerunt
1125 3537 1301 3625 compressit
1320 3535 1484 3624 imaginem.

155 3644 240 3712 Unde
262 3648 374 3724 evenit,
397 3660 433 3713 ut
453 3668 529 3737 quae
542 3650 684 3738 paulatim
700 3650 824 3717 subacta
840 3661 886 3715 est
900 3647 1012 3726 insula,
1035 3668 1096 3711 una
1109 3645 1314 3712 Romanorum
1329 3665 1393 3709 esse
1408 3643 1486 3710 laeta

155 3752 316 3833 videretur,
339 3766 375 3820 nt
388 3756 478 3836 nullu,
494 3770 612 3846 praeter
627 3759 784 3839 brianum,
801 3759 933 3825 haeresis
947 3757 1120 3824 nominatim
1135 3766 1355 3820 memoraretur.
1389 3750 1486 3818 lllulta

155 3860 224 3927 dein
251 3863 282 3926 iu
309 3861 422 3929 umbris
446 3878 476 3931 et
499 3868 654 3933 eminentia
676 3867 766 3947 vidit,
799 3889 874 3957 quae
897 3888 954 3932 nos
976 3866 1019 3931 ita
1041 3886 1102 3929 uon
1120 3862 1209 3929 facile
1232 3862 1484 3949 conspexerimus.

153 3968 287 4035 lmbelles
303 3974 378 4037 enim
392 3986 483 4039 vocat
498 3996 566 4053 eos,
590 3996 717 4065 quorum
732 3975 860 4041 Romani
875 3974 999 4040 laudant
1013 3970 1231 4050 fortitudinem,
1255 3968 1392 4047 rebelles,
1417 3970 1488 4056 quia

148 4077 258 4167 jugum
272 4076 440 4145 Romanurn
464 4081 590 4169 abjicere
614 4086 713 4150 conati
729 4096 809 4151 sunt.
845 4083 923 4149 Hine
937 4082 1065 4171 denique
1081 4079 1191 4147 lactum
1206 4090 1265 4157 ιιι,
1289 4091 1486 4165 utnusquam

153 4198 300 4251 terrarum
316 4198 375 4252 tam
390 4188 490 4255 subito
506 4204 595 4279 atque
610 4194 766 4281 inopinato
783 4214 831 4257 res
848 4212 951 4257 omues
966 4203 1096 4257 mutatae
1112 4210 1175 4255 esse
1189 4185 1355 4253 videantur.
1389 4184 1487 4270 Hujus

154 4304 253 4359 autem
275 4294 424 4361 scribendi
445 4300 560 4387 generis
584 4299 740 4389 diligenter
763 4312 809 4365 est
830 4304 907 4367 ratio
931 4298 1084 4377 habenda,
1107 4320 1144 4362 ne
1168 4294 1285 4363 Gildam
1307 4306 1360 4360 aut
1382 4292 1488 4358 ducem

154 4414 266 4469 temera
285 4424 458 4494 aequemur,
488 4420 542 4474 ant
567 4428 746 4497 respuamus
769 4420 932 4475 sumerem.
977 4406 1054 4473 Illud
1076 4408 1153 4472 enim
1175 4406 1359 4494 eptimimnm
1381 4414 1428 4467 ιιι
1448 4398 1488 4465 ad

153 4509 243 4579 lidum
261 4508 442 4592 ludendum,
467 4513 549 4604 quod
571 4538 681 4605 parcus
705 4519 821 4583 astitit
842 4520 989 4583 ιίιιιιιιιιι
1011 4514 1159 4594 laudator,
1189 4516 1377 4602 vituperator
1397 4508 1488 4577 seele-

153 4640 222 4687 rum
243 4624 411 4689 murrinam.
446 4622 540 4689 Neruo
562 4646 635 4692 rnre
658 4625 811 4691 literarum
835 4623 937 4692 studio
956 4622 1084 4689 vixdum
1103 4625 1282 4690 mussitate
1303 4624 1336 4687 in
1358 4620 1489 4687 consui·

153 4724 252 4795 beuda
274 4731 399 4798 historia
422 4734 548 4799 tironem
571 4755 638 4801 eum
661 4730 753 4803 luisse
767 4732 976 4802 admirabitur.
1012 4730 1252 4799 condonandum
1265 4731 1358 4819 igitur
1373 4724 1487 4805 ultae,

154 4836 238 4927 quod
261 4860 353 4929 quum
374 4844 472 4930 patria
487 4864 542 4910 sua
557 4844 638 4911 nullu
654 4846 839 4935 antiquitatis
849 4854 1047 4921 ¹monumenta
1063 4838 1282 5003 suppeditaqet,
1306 4858 1383 4931 quae
1396 4837 1490 4905 Euse-
