3642 5309
307 302 356 376 68
794 326 860 378 cnr.
880 326 927 377 nn
963 326 1137 378 numeros.

305 476 542 545 adnumerandus
565 486 619 543 est.
667 472 761 565 Cujus
782 480 899 545 initium
928 493 984 546 ent
1004 479 1132 546 sciemur
1152 481 1184 546 in
1204 478 1445 547 concumbes«
1470 479 1533 565 jem
1555 476 1625 544 liol-

157 584 165 599 ‘
303 584 436 653 lundistis
465 588 660 674 suspicionem
689 586 768 653 lecit.
814 586 1005 655 Narrationes
1034 600 1131 654 nutem
1159 590 1231 654 istas
1255 587 1339 653 Vitns
1363 585 1448 675 Golg.
1470 586 1509 664 ll,
1531 586 1567 653 lll
1595 598 1627 651 ct

304 694 462 761 Tirechnni
484 694 700 761 Adnotstiones
723 718 801 774 esso,
827 700 996 786 quicunque
1019 718 1068 762 cns
1092 696 1250 763 contulerit
1270 694 1355 762 incilc
1378 693 1499 761 videbit
1532 693 1627 759 Muto

304 823 424 892 quoqne
451 806 576 869 carmine
604 816 673 869 sunt
695 816 888 893 exaggerata,
918 826 995 894 qnae
1017 825 1188 872 cnumccsrc
1209 805 1331 892 longum
1353 816 1407 869 est
1455 798 1626 886 Scrspcee‘e

303 919 355 977 cst
376 930 510 977 carmon
533 908 651 998 linqua
673 908 861 978 Hibernioo
877 912 911 978 X
930 910 990 978 uel
1004 910 1060 977 XI
1079 908 1230 991 soeculo,
1254 932 1345 999 quum
1367 910 1480 977 itineris
1501 907 1625 974 Remum

302 1017 373 1084 lecti
395 1023 502 1085 mentio
524 1021 555 1084 in
578 1020 627 1084 illo
651 1042 711 1084 nou
726 1019 804 1086 lecto
818 1024 866 1086 sit.
901 1018 963 1087 Es·
983 1015 1066 1087 Vs'os
1081 1020 1188 1107 ipsus
1201 1019 1279 1087 istis
1295 1018 1339 1085 ds
1352 1015 1511 1088 Patricio
1524 1036 1624 1103 pror-

304 1146 362 1193 sus
384 1126 469 1193 nibil
490 1128 626 1213 corporei
647 1147 758 1194 sumus
780 1128 850 1195 oiri
871 1146 962 1215 quoe
984 1127 1064 1197 iude
1085 1148 1109 1193 a
1126 1124 1161 1196 Χ
1178 1126 1257 1212 scre
1279 1123 1417 1196 cuculo
1436 1124 1519 1210 ficta
1534 1133 1625 1192 sunt

303 1232 364 1301 Sed
386 1238 537 1325 antiquior
559 1236 605 1301 bis
628 1248 658 1301 ct
680 1236 841 1324 simplicior
862 1248 909 1303 est

390 1339 545 1430 Hymnus
572 1344 646 1409 alter
674 1344 722 1410 ille
751 1347 804 1432 qui
834 1356 932 1410 exstat
960 1346 992 1409 in
1019 1342 1122 1411 codicc
1147 1342 1305 1421 Bobicnsi,
1335 1359 1427 1429 supro
1454 1353 1624 1409 memorato.

302 1448 421 1517 Titulus
458 1451 627 1540 »Hymnum
655 1450 687 1517 S.
711 1451 827 1518 Potritii
861 1454 995 1539 magistri
1025 1450 1204 1517 Scotorum«
1240 1474 1258 1516 a
1286 1451 1408 1517 librario
1437 1452 1626 1538 prospositns

303 1580 365 1624 csse
387 1558 514 1641 videtur,
538 1562 570 1624 in
592 1560 718 1625 carmine
742 1561 818 1625 cuim
840 1562 907 1646 ipso
933 1557 1099 1625 »Potricius
1121 1562 1300 1648 episcopus«
1329 1559 1478 1625 scribitur.
1515 1555 1626 1623 Loudi-

300 1666 359 1732 bus
382 1666 499 1755 quidem
522 1670 648 1747 virtutes
671 1669 734 1753 cjus
758 1667 936 1744 elieruntnr,
958 1665 1032 1731 nihil
1056 1679 1152 1757 umen
1174 1666 1211 1731 dc
1234 1668 1297 1732 sits
1318 1668 1382 1753 ejus
1403 1664 1547 1742 truditur,
1569 1666 1625 1729 uisi

300 1796 378 1841 vocs.
400 1774 432 1841 4.
467 1774 632 1841 »Dominus
662 1776 741 1841 illum
772 1776 859 1863 elegit
878 1772 883 1855 Ι
904 1788 940 1840 ut
966 1773 1086 1839 doecret
1111 1773 1254 1841 bnrbnrss
1282 1788 1417 1862 gentem
1452 1797 1481 1840 v.
1505 1771 1537 1839 7.
1567 1770 1624 1837 »ab

302 1882 439 1949 omnibns
468 1896 503 1949 ut
528 1883 582 1950 Dei
602 1880 607 1963 Ι
627 1894 786 1949 veneretur
813 1882 964 1971 angelus«
1006 1905 1035 1947 v.
1061 1881 1112 1949 13.
1142 1882 1277 1949 »Nomen
1303 1881 1358 1947 liei
1386 1877 1553 1961 audenter!
1572 1879 1625 1945 sd·

300 1993 419 2056 nuntiat
440 1990 610 2078 gentibus«
652 2013 682 2057 v.
702 1988 752 2056 16.
783 2004 840 2056 sut
862 1992 892 2057 in
911 1988 1031 2055 coelesti
1046 2002 1179 2055 moneret
1196 1986 1202 2070 Ι
1222 1988 1344 2055 clericos
1358 1988 1493 2055 militis«
1523 2011 1555 2053 v.
1573 1984 1623 2053 19.

308 2097 427 2163 »Testis
450 2097 561 2164 domiui
582 2096 676 2163 fidelis
696 2096 701 2180 Ι
723 2101 752 2163 in
775 2098 839 2187 lege
861 2097 1038 2165 catholice«
1086 2093 1164 2164 Hoc
1186 2116 1320 2165 canesco
1345 2090 1432 2163 7111
1450 2097 1528 2183 scre
1550 2113 1625 2163 sac·

301 2202 376 2271 culo
399 2225 474 2273 csso
496 2206 727 2292 compositum,
750 2225 858 2292 supra
880 2205 1063 2273 docuisses.

389 2314 442 2379 His
466 2334 536 2379 vcro
560 2314 714 2400 explicatis
738 2326 922 2381 transeamus
945 2313 984 2380 sd

389 2418 540 2487 Potricii
555 2420 702 2504 scripto,
725 2442 801 2509 quoe
818 2420 994 2505 Confessio
1011 2433 1041 2487 et
1054 2416 1216 2504 Epistola
1229 2423 1261 2485 in
1276 2420 1446 2498 codicibus,
1469 2420 1523 2487 sed
1534 2418 1620 2486 Liber

299 2527 552 2617 Epistolrrum'in
575 2526 652 2593 Vitis
675 2522 727 2609 (ll,
749 2526 788 2605 1,
807 2526 863 2605 11,
887 2528 937 2606 lV,
953 2523 988 2608 1)
1011 2539 1166 2593 vocentur.
1212 2524 1341 2595 Enstnnt
1361 2532 1392 2593 in
1416 2528 1437 2595 3
1459 2527 1622 2605 codicibus,

298 2635 378 2701 Nero
402 2634 443 2713 E,
462 2632 491 2701 1.
516 2631 602 2715 (Brit.
618 2630 709 2719 llius.)
733 2635 764 2701 X
786 2636 833 2703 vel
854 2635 897 2701 Xl
920 2635 1039 2702 mccnlo
1062 2637 1191 2722 scripto,
1214 2635 1292 2702 libro
1306 2635 1467 2704 monneto
1490 2632 1556 2718 (th
1576 2634 1623 2700 vel

298 2742 365 2809 Xlll
384 2740 474 2825 ssec.)
501 2755 530 2809 et
553 2741 619 2809 cod.
642 2740 750 2809 Sulisb.
775 2744 822 2809 bis
844 2746 1012 2811 recentiori.
1059 2741 1135 2811 Cod.
1158 2741 1228 2809 Ner.
1251 2743 1275 2809 [r
1298 2742 1419 2816 0conor
1439 2743 1625 2831 conscripsit

154 2904 158 2913 .
300 2845 348 2933 (11
357 2851 394 2917 Η.
402 2848 437 2934 1.)
460 2850 512 2917 sed
535 2872 640 2939 porum
663 2862 808 2917 smunntc.

393 2955 571 3043 Confessio
594 2957 747 3025 Potricii
769 2957 864 3045 qualis
886 2961 917 3025 in
939 2958 1017 3026 libro
1040 2958 1144 3025 Asdm.
1167 2973 1267 3029 exstet
1287 2962 1438 3048 antiquior
1457 2960 1523 3038 ills,
1546 2977 1622 3047 quae

299 3070 330 3131 in
344 3065 465 3133 Nesoi}
487 3068 646 3144 invenitur,
672 3086 735 3131 esse
750 3064 877 3141 videtur,
901 3086 963 3131 non
985 3079 1083 3133 mmcn
1101 3071 1271 3134 correctior.
1306 3068 1433 3135 Librsrii
1447 3071 1524 3135 enim
1538 3068 1624 3155 igno-

299 3177 411 3239 rantise
439 3194 472 3239 oc
501 3174 695 3262 negligcntise
723 3193 813 3262 quum
836 3173 892 3239 alin
916 3194 1003 3262 quom
1025 3175 1152 3263 plurimu
1175 3188 1336 3251 occurrunt
1357 3177 1531 3265 specimina,
1558 3187 1623 3241 tum

298 3280 387 3358 illud,
413 3281 494 3369 quod
517 3283 616 3371 omisit
638 3302 749 3369 pauor,
773 3303 850 3370 quse
873 3286 1007 3350 omittere
1029 3283 1111 3348 nullo
1130 3282 1220 3349 modo
1236 3282 1364 3350 debebit
1378 3278 1469 3365 (coni.
1485 3282 1522 3349 de
1536 3303 1622 3349 scen·

300 3392 414 3455 satione
443 3389 519 3457 illins
543 3403 572 3456 et
595 3388 762 3456 delcnsione
786 3388 867 3478 apud
890 3388 1071 3457 Osonorlom
1094 3404 1125 3457 et
1146 3388 1354 3474 Retlnsmium).
1388 3390 1500 3459 nubo
1523 3404 1622 3457 sutem

300 3519 364 3563 esse
385 3496 524 3564 videntur
552 3500 582 3561 in
606 3495 681 3563 Cod.
702 3496 781 3563 Nero
802 3496 836 3574 F,
868 3482 944 3586 qnae
972 3496 1009 3564 de
1031 3496 1124 3565 Seotn
1146 3502 1277 3588 virgine,
1305 3520 1440 3588 quaeque
1461 3497 1499 3565 de
1519 3501 1623 3568 itinere

298 3606 331 3669 iu
347 3602 469 3671 Gsllism
490 3603 569 3671 sacto
593 3604 760 3681 truduntur,
785 3604 947 3671 admonitio
963 3604 1091 3695 denique
1107 3606 1146 3671 nd
1161 3630 1212 3673 eos
1235 3610 1307 3695 »qui
1321 3607 1412 3672 solcm
1427 3606 1614 3674 odorsmt«

301 3710 382 3797 Quae
413 3717 510 3779 omnis
536 3712 645 3780 desnm
671 3716 702 3777 in
726 3711 815 3779 Libro
839 3711 942 3780 Ardm.
982 3714 1018 3781 Ἀ
1045 3714 1261 3781 nocentioribus
1290 3728 1388 3782 sotem
1414 3715 1542 3782 librariis
1565 3715 1621 3781 ulis

299 3819 451 3887 omsudnts
477 3834 562 3899 suut,
592 3819 691 3887 additu
720 3820 777 3886 ulis
803 3821 895 3887 multu
919 3816 1009 3901 (conl.
1026 3821 1121 3887 Wnre
1143 3820 1201 3910 0p.
1216 3819 1321 3905 Patr).
1366 3821 1484 3907 Quibus
1505 3826 1622 3889 omissis

298 3949 333 3993 cs
355 3940 483 4007 tentum,
509 3948 596 4016 quoe
617 3928 653 3993 io
676 3926 807 3995 duobus
833 3928 1077 4016 antiquissimis
1100 3929 1201 3996 codd.
1222 3926 1317 3997 Ncro
1338 3929 1384 4015 Ε,
1404 3928 1421 3996 1
1446 3940 1480 3998 ct
1501 3928 1620 3998 Accius

297 4035 526 4119 mommolus,
549 4034 796 4123 iodopabimus.
1530 4055 1534 4060 ’

386 4144 483 4231 Hujus
505 4146 573 4211 libri
595 4168 691 4211 sermo
714 4167 749 4211 cc
770 4145 856 4211 stilus
872 4144 948 4212 adeo
965 4159 1010 4213 est
1023 4146 1169 4224 incultus,
1191 4144 1366 4234 impeditus,
1390 4160 1564 4235 corruptus,
1587 4160 1623 4215 ut

297 4250 334 4318 nb
357 4252 466 4349 aliquo
480 4254 597 4343 linguae
624 4254 732 4320 lotione
755 4274 860 4343 parum
882 4256 980 4343 perito
1004 4266 1058 4319 ant
1079 4256 1262 4343 compositus
1284 4274 1348 4323 csse
1367 4268 1423 4327 ¹snt
1444 4256 1533 4326 latios
1554 4276 1621 4321 ver·

296 4382 348 4427 sus
371 4374 521 4449 apparent
567 4360 628 4429 Sed
650 4362 723 4428 haec
745 4364 810 4450 ipss
832 4364 976 4429 sermonis
998 4362 1111 4441 vilitss,
1141 4364 1320 4430 narrstionis
1341 4364 1525 4453 simplicitas,
1547 4367 1620 4429 scri·

296 4470 392 4557 ptoris
415 4466 498 4549 dein,
522 4491 597 4558 quae
621 4490 684 4535 csse
701 4468 828 4549 videtur,
853 4470 1003 4537 homibus
1024 4470 1182 4559 plerosque
1205 4470 1340 4552 induxit,
1362 4484 1399 4537 ut
1418 4472 1501 4538 illum
1516 4494 1620 4541 rerum

298 4598 332 4641 sc
354 4596 525 4663 germanum
546 4576 666 4645 Potricii
686 4579 794 4646 librum
819 4601 883 4646 esse
907 4580 1109 4667 opinarentur.
1154 4578 1224 4645 Non
1245 4593 1344 4647 temen
1366 4579 1537 4660 defuerunt,
1567 4583 1619 4669 qui

296 4684 409 4773 puerile
430 4685 502 4752 illud
524 4687 661 4753 monachi
675 4686 717 4753 Xl
732 4688 779 4753 vel
791 4686 845 4755 Xll
867 4686 975 4754 saeculi
999 4708 1063 4753 csse
1085 4690 1260 4755 exercitium
1277 4688 1450 4776 judiccrcnt
1465 4685 1620 4770 (Lcdwicb

296 4794 399 4882 Antiq.
424 4792 459 4861 ol
469 4794 532 4863 lrel.
557 4818 582 4863 c.
599 4795 650 4865 Vll
667 4818 693 4863 n.
713 4794 822 4880 1790).
856 4798 899 4864 Ae
914 4818 953 4864 ne
966 4799 1018 4876 iis,
1042 4819 1118 4886 quse
1133 4821 1173 4867 ex
1186 4799 1341 4885 scriptoris
1355 4796 1454 4865 indole
1469 4795 1620 4863 ducuntur
