3642 5309
711 380 778 429 car.
797 381 829 430 u.
866 380 959 431 arna
1443 350 1494 431 21

162 532 374 599 insinuatione
401 534 543 623 corrupit.
590 528 651 601 Sed
679 534 794 601 actione
816 532 939 601 Palladii
967 534 1085 600 diaconi
1113 552 1194 621 papa
1216 528 1399 599 Caelestinus
1423 526 1496 597 Geu-

161 663 294 708 manum
315 642 607 727 Affissiodoreueem
634 643 806 731 episcopum
828 645 892 709 vice
914 663 970 708 sua
992 645 1083 709 mittit
1104 653 1135 707 ct
1156 638 1322 707 deturbatis
1341 638 1496 709 tamuda

161 746 336 817 Britannos
356 751 395 817 ad
417 752 591 821 catholicam
612 750 701 817 fidem
724 748 859 841 dirigit«
892 746 1083 835 (cibabis.)

261 858 307 926 De
328 859 384 925 hae
399 880 471 926 voro
493 860 639 947 legatione
654 879 750 948 neque
766 859 846 948 apud
861 858 1020 927 Sidonium
1034 880 1131 947 neque
1145 859 1175 923 in
1191 854 1336 947 catalogo
1350 852 1498 923 renutu

160 986 227 1031 nec
249 965 376 1057 denique
397 970 429 1033 in
453 967 657 1055 antiquissima
678 968 735 1033 ista
759 965 898 1033 Germani
920 972 1009 1034 missa
1031 963 1135 1049 (idone
1153 963 1297 1032 Lat-Gr.
1318 965 1428 1031 Missae
1449 961 1496 1031 cd.

163 1072 263 1140 1830
283 1096 314 1162 p.
332 1069 387 1157 37)
411 1074 575 1163 quidquem
595 1076 703 1141 inveni.
740 1072 802 1141 Sed
823 1078 855 1139 in
883 1075 1008 1143 »Vetere
1029 1076 1143 1143 Missali
1165 1072 1317 1141 Gallicane
1339 1066 1399 1154 (ed.
1415 1070 1496 1139 blab.

161 1180 229 1247 Lat
248 1179 323 1247 Gall.
342 1178 428 1251 1685
449 1204 479 1271 p.
497 1178 575 1265 929)
598 1194 697 1247 exstat
717 1182 810 1248 Missa
825 1181 980 1264 Germani3
1003 1184 1047 1251 ibi
1068 1185 1100 1247 in
1115 1181 1338 1249 contutatione
1357 1180 1497 1269 legimusi

162 1284 364 1375 (Germanus)
398 1310 473 1379 aper
498 1302 577 1355 totas
601 1288 710 1356 Gallias
731 1288 828 1355 Roma
850 1292 986 1357 iuoctalia
1008 1287 1051 1375 (in
1073 1288 1167 1374 ltalia)
1188 1292 1220 1355 in
1241 1289 1394 1355 llucttauia
1414 1290 1499 1358 anub

163 1396 213 1463 30
244 1419 371 1487 corpere
404 1396 531 1463 afflictus
559 1396 663 1463 Januis
692 1398 807 1485 jugiter
834 1399 866 1463 in
897 1412 952 1465 tuo
982 1400 1102 1464 aomina
1127 1396 1326 1487 praedicarit,
1361 1396 1498 1466 taenea

162 1504 317 1573 abstulita
345 1518 375 1573 et
397 1518 452 1572 cet.
488 1505 570 1590 Quae
592 1526 684 1593 quum
699 1504 769 1571 Vita
791 1507 852 1572 sint
872 1508 1052 1584 recentiora,
1076 1526 1116 1572 ex
1137 1526 1173 1572 ca
1194 1528 1266 1571 sane
1286 1504 1395 1571 bansta
1416 1516 1496 1571 sunt

260 1612 327 1679 Huc
350 1612 477 1703 denique
501 1614 666 1703 pertinent,
696 1633 772 1702 quae
792 1613 829 1679 dc
849 1614 952 1703 Lupo,
976 1614 1115 1681 Germani
1135 1616 1257 1692 saite,
1286 1612 1398 1681 tradita
1417 1626 1497 1683 aaut

163 1720 333 1800 Sidonius,
362 1722 411 1787 eui
433 1720 536 1808 Lupus
564 1721 704 1809 episcopo
730 1720 810 1787 iacto
833 1744 861 1789 a.
877 1720 945 1789 472
966 1722 1189 1812 congratulatus
1211 1734 1290 1799 erat,
1318 1722 1350 1787 iu
1372 1721 1499 1810 epistola

164 1830 206 1897 ad
240 1851 307 1896 eum
336 1832 446 1919 scripta
468 1825 535 1913 (Vl,
561 1826 593 1914 1)
615 1826 749 1917 Lupum,
776 1831 833 1907 ait,
858 1831 923 1917 jane
947 1827 994 1897 19
1021 1851 1115 1896 annos
1142 1832 1316 1919 episcopum
1342 1851 1407 1897 csse
1428 1842 1499 1919 post

164 1938 336 2005 desudatas
354 1936 473 2003 militiae
495 1936 657 2005 lirinensis
680 1936 832 2009 excubias.
867 1938 962 2005 Penio
976 1938 1142 2004 Eucherius
1164 1937 1203 2005 de
1220 1937 1311 2005 lauda
1331 1941 1420 2007 areni
1442 1938 1499 2007 dil·

165 2046 245 2127 lert,
276 2049 329 2136 qui
349 2044 470 2135 Lupum
490 2042 579 2113 modo
603 2044 685 2136 apud
705 2045 872 2113 menses
895 2049 1072 2113 ammoneri
1092 2046 1214 2135 scripsit
1239 2069 1268 2113 a.
1287 2044 1357 2115 dtu
1370 2086 1407 2101 -
1419 2044 1496 2115 129.

169 2152 235 2221 Sed
257 2166 370 2220 certum
393 2167 438 2221 cst
459 2152 576 2242 lupum
599 2175 626 2221 a.
642 2151 710 2222 129
732 2157 906 2244 episcopum
926 2154 1027 2221 inisse.
1061 2153 1149 2221 Hunc
1170 2176 1243 2221 vero
1265 2176 1335 2223 cum
1351 2154 1498 2225 &rmus

166 2265 195 2327 in
225 2262 409 2328 Britanniam
435 2260 618 2351 proiectum,
649 2260 808 2341 Sidonius,
838 2264 890 2351 qui
918 2262 1047 2351 plurima
1072 2263 1104 2329 in
1125 2261 1231 2330 landes
1251 2264 1316 2350 ejus
1338 2276 1497 2342 enumerat,

167 2372 328 2464 ignorasse
343 2383 373 2436 et
383 2368 470 2437 Vitae
485 2368 563 2458 Lupi
579 2383 685 2438 auctor
700 2369 816 2437 demum
833 2393 871 2437 ex
887 2370 1028 2438 Germani
1040 2370 1113 2437 Vita
1124 2383 1277 2439 manaem
1292 2390 1357 2439 csse
1369 2370 1498 2441 videtur.

259 2477 473 2547 Deficientibus
499 2482 593 2569 igitur
618 2474 988 2569 aequalinaa'testimonlis
1014 2478 1187 2568 perdifficile
1214 2492 1261 2547 eet
1287 2500 1328 2547 ex
1348 2479 1419 2549 vin
1440 2482 1499 2546 ista

171 2610 249 2677 quae
272 2582 344 2654 vcra
372 2590 447 2665 siut,
478 2609 590 2653 eruere.
635 2586 781 2676 Equidem
809 2606 871 2653 uon
892 2608 1064 2653 versores
1090 2585 1281 2657 detrahendis
1301 2590 1369 2656 istis
1389 2587 1499 2659 fabulis

167 2695 329 2763 donabere
351 2698 463 2784 egregii
484 2696 541 2759 viri
563 2696 689 2759 virtutes
712 2716 747 2759 ac
768 2692 871 2757 laudes
893 2692 1056 2759 videamur.
1089 2688 1140 2759 At
1161 2694 1246 2779 qaod
1265 2694 1424 2764 docmata.
1440 2696 1499 2782 fa·

167 2800 262 2871 dualis
284 2810 410 2885 restat,
437 2800 507 2867 nisi
527 2799 567 2867 id
588 2820 710 2881 arama,
741 2796 946 2867 θσηιιαπτιηι
965 2820 990 2866 a
1015 2794 1199 2868 Galum
1221 2798 1367 2869 aoniae
1388 2800 1441 2873 bia
1462 2803 1500 2873 s's

167 2908 395 2979 arimenum
415 2908 553 2976 musam
571 2904 709 2993 fumas?

263 3016 390 3105 Quando
412 3017 470 3084 hoe
493 3016 604 3083 iactum
624 3019 679 3096 sit,
701 3016 833 3085 breviter
853 3013 1061 3105 explicandum
1075 3028 1130 3083 est
1164 3013 1295 3105 Prosper
1308 3040 1418 3087 aunam
1432 3017 1499 3091 129

166 3128 293 3205 statuit,
322 3130 409 3215 eique
430 3128 597 3191 consentire
617 3125 690 3190 mibi
712 3125 783 3191 Vita
803 3123 933 3192 videtur.
979 3124 1144 3193 Gumanus
1165 3127 1258 3206 emus,
1292 3147 1380 3215 quem
1404 3129 1500 3196 hieme

167 3233 228 3319 (ib.
251 3234 290 3313 V,
313 3230 367 3317 17)
395 3232 519 3299 insulare
549 3231 656 3299 adiisse
684 3245 714 3300 et
741 3245 812 3321 post
832 3232 977 3301 Paacbstu
1003 3232 1180 3301 celebratam
1201 3233 1324 3301 rediisse
1344 3235 1500 3324 probabile

170 3357 235 3422 est,
260 3341 387 3431 posthac
408 3339 446 3407 ad
463 3340 608 3408 Hilarium
622 3340 703 3407 Arei.
720 3336 923 3424 (tao-448)
945 3352 976 3405 ct
989 3340 1173 3409 Auxiliarcm
1188 3338 1299 3410 Galliae
1318 3344 1500 3432 praelectum

169 3450 212 3537 (c.
228 3446 420 3534 ast-439)
442 3452 499 3515 iter
519 3448 623 3515 lmisee
645 3461 676 3516 et
696 3450 890 3515 redvueente
911 3447 1028 3515 bausci
1048 3451 1082 3516 in
1094 3449 1276 3519 Britanniam
1297 3451 1422 3521 rediisse
1441 3454 1499 3520 ier·

169 3574 238 3627 tur:
256 3556 341 3625 Beda
353 3580 425 3624 vcro
441 3578 509 3624 eum
529 3570 619 3625 »ante
633 3576 747 3645 paucos
761 3554 919 3623 Saxonum
935 3554 1081 3624 adventus
1095 3578 1189 3627 anuos
1203 3560 1300 3647 ptimo
1316 3560 1492 3631 advenisse«

21 3700 22 3711 ¹
173 3668 245 3737 dein
273 3686 349 3733 »nec
370 3666 463 3732 multo
486 3668 662 3755 interposito
684 3677 839 3753 tempore«
867 3664 989 3731 rediisse
1010 3663 1109 3735 refert

265 3774 331 3859 Qua
351 3777 384 3840 in
405 3796 438 3841 rc
452 3774 533 3841 Beda
549 3772 665 3841 Gildam
686 3774 791 3860 patius
811 3794 899 3862 mam
913 3772 1094 3862 Prospsrum
1116 3776 1188 3843 mihi
1202 3790 1322 3845 secutus
1339 3798 1404 3847 csse
1417 3777 1499 3847 vide-

173 3898 235 3951 tur.
275 3882 324 3949 llle
348 3884 423 3948 enim
446 3895 476 3949 et
497 3884 561 3971 ipsc
583 3883 738 3948 rictoman
759 3880 898 3971 precibus
920 3884 1105 3970 impetratam
1127 3887 1232 3972 paucis
1254 3899 1323 3953 aete
1344 3883 1500 3955 Saxonum

174 3992 336 4059 adventum
358 3990 457 4057 relert
492 3988 547 4057 Sin
562 3989 742 4080 Prospcrum
764 4002 885 4057 secutus
906 3989 1011 4068 fucrit,
1034 3994 1136 4059 nmcio
1155 4014 1212 4061 cur
1233 4015 1260 4061 a.
1275 3992 1342 4061 429
1357 3998 1498 4063 omiserit.

265 4098 328 4165 Sed
355 4120 544 4188 quocumque
570 4098 661 4166 modo
683 4121 731 4165 ros
753 4096 932 4176 schabest,
962 4098 1036 4168 illud
1057 4100 1152 4188 pluris
1174 4113 1235 4178 est,
1264 4100 1348 4190 quod
1368 4125 1500 4193 pugnem

176 4232 246 4277 cnm
265 4207 358 4273 Pictis
386 4219 416 4274 et
437 4205 611 4275 Senonibus
640 4207 748 4275 iactam
769 4208 885 4285 retulit,
917 4206 1001 4297 quod
1023 4209 1146 4274 cuniis
1169 4229 1245 4297 quae
1267 4209 1305 4279 de
1327 4208 1500 4279 Senonibus

168 4316 304 4403 posthac
325 4317 457 4381 invitatis
478 4318 625 4395 nutavit,
648 4318 766 4383 minime
784 4316 932 4405 congruit.
965 4315 1069 4405 ltaque
1083 4316 1298 4385 inconsiderate
1311 4318 1401 4395 baec,
1423 4340 1500 4407 quae

167 4426 207 4492 in
229 4424 302 4490 Vita
322 4424 450 4501 invenit,
479 4426 679 4513 mammipsit,
703 4424 815 4491 oblitus
837 4424 941 4512 plane,
964 4445 1041 4513 quae
1062 4425 1153 4513 paulo
1176 4438 1245 4494 ente
1267 4424 1306 4494 de
1326 4424 1499 4497 Suionibus

175 4534 327 4601 nument.

266 4642 313 4711 De
335 4661 456 4729 papatu
486 4662 574 4729 mam
595 4650 705 4708 vocant
726 4634 998 4727 Allelujeiicam,
1027 4662 1119 4729 quum
1140 4643 1282 4709 victodae
1308 4640 1413 4712 eodan
1437 4642 1499 4711 lere

181 4765 312 4841 tempore
333 4763 437 4839 partae
460 4748 561 4817 Gildas
584 4770 704 4839 quoque
726 4752 902 4815 mentionem
923 4750 1040 4828 iecerit,
1063 4772 1124 4815 non
1147 4749 1296 4838 estquod
1318 4750 1496 4831 dubitemus,

182 4860 231 4933 sed
255 4859 291 4933 dc
312 4861 481 4929 narratione
503 4861 574 4942 ista,
602 4857 697 4953 quelle
718 4857 836 4927 iuVita
858 4871 965 4928 exstat.
1011 4856 1088 4929 Tam
1109 4856 1252 4930 mirabilia
1274 4861 1351 4929 eain
1372 4862 1498 4933 victorie
