3642 5309
303 330 354 405 bb
793 358 860 409 osr.
877 359 926 409 m
961 360 1134 413 remorre.
1256 329 1260 338 ’

391 506 439 575 lix
465 506 513 575 bis
539 508 734 597 petitionibus
761 530 822 600 quo
851 524 984 601 tempore
1007 512 1094 603 cotg.
1108 515 1144 581 lli
1165 525 1197 581 et
1217 515 1254 582 H.
1268 514 1303 581 B.
1325 511 1493 600 §50-55
1515 513 1627 581 inerint

303 618 412 706 scripta
441 620 580 706 cognosci
608 617 685 685 lieet.
731 618 807 685 Dani
835 620 954 709 quidem
982 622 1074 711 paulo
1096 635 1165 689 ante
1185 622 1230 689 tx
1250 622 1360 689 saeculi
1381 625 1497 689 initium
1517 622 1626 689 Hiber·

303 728 380 790 nirm
414 726 554 793 invadere
586 740 763 815 coeperunt,
799 732 851 817 qni
883 750 974 818 quum
1002 752 1057 819 per
1084 728 1130 797 eu
1157 729 1219 796 iere
1247 752 1341 797 annos
1370 730 1483 797 insulae
1511 740 1625 818 partera

302 846 513 920 occupassent,
547 858 574 901 a.
597 833 663 901 848
691 838 762 901 victi
790 835 859 903 licet
885 840 1070 904 incursiones
1096 837 1193 905 iacere
1220 859 1281 905 non
1309 838 1499 914 desisterent,
1527 850 1626 903 umen

302 962 371 1005 oras
397 954 511 1007 mutum
541 942 647 1008 adiisse
676 942 823 1011 videntur.
874 944 982 1012 Postea
1009 968 1098 1023 vcro,
1134 944 1270 1012 civilibus
1297 948 1376 1012 inter
1403 944 1514 1012 Scotos
1542 944 1627 1011 bellis

302 1052 432 1125 exorsis,
455 1049 487 1115 X
508 1050 617 1115 saeculi
639 1052 723 1117 initio
747 1051 825 1117 Dani
846 1056 959 1120 reversi
980 1054 1121 1140 majorem
1142 1052 1201 1119 sibi
1223 1052 1336 1119 insulae
1356 1066 1472 1141 partem
1492 1051 1627 1137 subjece-

301 1168 380 1221 runt
416 1156 496 1241 Quid
518 1158 600 1247 quod
615 1157 709 1226 Aulai
719 1158 948 1250 Norwegensis,
972 1160 1130 1227 Hiberniae
1144 1183 1200 1227 rex
1214 1173 1355 1238 vocatus,
1378 1161 1426 1227 rel
1441 1182 1508 1227 eum
1522 1159 1627 1225 Atbel·

300 1278 387 1331 stano
409 1266 576 1355 Anglorum
598 1288 667 1354 rege
690 1290 715 1333 r.
734 1266 800 1335 938
822 1268 932 1336 bellum
954 1268 1033 1335 fecit
1067 1267 1276 1335 Hibernicnscs
1297 1281 1395 1334 autem
1417 1291 1435 1334 a
1457 1267 1548 1334 [lanis
1571 1288 1627 1355 op·

299 1376 394 1462 pressi
417 1396 519 1463 pugna
542 1374 658 1441 demum
682 1397 709 1441 a.
732 1373 819 1441 1014
843 1376 880 1443 ad
905 1375 1044 1443 Clontarl
1060 1375 1137 1442 lacta
1155 1377 1264 1463 jugum
1285 1374 1466 1462 abjecerunt

390 1480 426 1549 X
446 1484 553 1570 ipitur
574 1480 705 1549 meoli
724 1478 837 1549 altero
860 1484 1016 1565 dimidio,
1044 1504 1146 1571 naras
1168 1483 1276 1551 mie
1298 1502 1379 1569 apes
1401 1480 1525 1551 solruis
1545 1500 1626 1549 coa·

299 1600 471 1672 moeres,
501 1610 603 1679 paream
632 1588 695 1656 alii
721 1610 852 1679 quoque
877 1590 1002 1679 populi
1028 1591 1412 1676 macomariam
1433 1591 1627 1673 crederent,

295 1700 479 1785 petitiones
508 1699 596 1765 istus
622 1699 722 1783 fietus
745 1718 818 1767 erae
844 1700 921 1766 ocri
940 1696 1150 1767 abuillisrassr
1171 1708 1234 1767 eat,
1277 1696 1473 1788 Eodemque
1495 1698 1531 1765 Χ
1549 1716 1626 1767 ree·

300 1806 376 1875 culo
403 1806 518 1874 mucio
546 1828 592 1873 arr
619 1804 697 1873 Vita
725 1805 879 1875 Patricia·
912 1826 1002 1896 paroc
1028 1816 1145 1875 exstat
1173 1806 1414 1893 autiquiseimo
1440 1804 1553 1895 (Caly.
1574 1806 1626 1883 11)

299 1914 455 2001 confecta
479 1913 601 2000 fucrit·
647 1913 743 2002 Cujus
772 1929 875 1984 auctor
902 1937 928 1982 a
949 1914 1069 2004 quidm
1089 1914 1246 2001 fontibus
1274 1916 1420 1993 hauserit,
1445 1916 1509 2001 jam
1530 1915 1625 2004 expli·

299 2022 426 2089 eandum
449 2035 502 2089 est.

388 2130 474 2196 Vitae
498 2129 616 2220 quidem
644 2130 723 2197 illius
749 2133 844 2220 prima
866 2154 937 2221 pars
959 2132 997 2199 dc
1019 2132 1142 2199 Patrieii
1162 2134 1290 2221 pucritia
1312 2125 1391 2221 (cap.
1409 2126 1530 2211 1-10)
1552 2129 1624 2195 nibil

299 2242 443 2317 continet,
473 2241 530 2304 uisi
559 2239 716 2317 miracula,
746 2261 823 2328 quae
851 2262 890 2307 ex
919 2239 1027 2307 eodem
1051 2262 1086 2306 ac
1114 2262 1217 2307 omues
1245 2240 1337 2327 hujus
1362 2240 1478 2329 generis
1506 2235 1625 2303 iabulae

297 2346 380 2413 lente
401 2346 563 2413 fluxerunt
601 2346 733 2411 Alteram
755 2369 828 2413 vero
851 2361 965 2437 partem
988 2370 1028 2413 cx
1049 2347 1185 2426 Patricii,
1209 2369 1297 2437 quem
1319 2345 1383 2413 cd
1405 2358 1435 2413 et
1458 2343 1497 2411 ll
1521 2356 1623 2411 aucto-

296 2476 359 2521 rem
382 2456 468 2533 citat,
493 2452 687 2520 Confessione
709 2474 762 2519 sen
783 2454 862 2521 libro
884 2454 1086 2543 Epistolanrrn
1109 2468 1140 2521 et
1161 2478 1201 2521 cx
1214 2456 1355 2542 Prosperi
1371 2451 1522 2519 Chronico
1541 2472 1622 2518 com-

296 2562 409 2650 pilavit.
456 2562 511 2627 His
539 2582 630 2652 mum
660 2562 716 2628 elia
744 2584 840 2649 pauca
869 2574 935 2629 turn
962 2561 996 2628 id
1022 2562 1146 2650 adjecit,
1173 2562 1336 2628 Patricium
1365 2558 1408 2627 3⁰
1436 2581 1530 2627 annos
1557 2580 1624 2625 curn

298 2668 444 2737 Germano
466 2669 557 2736 fuisse
580 2682 610 2735 et
632 2670 670 2737 rb
693 2669 824 2737 Amathe
848 2669 1028 2738 ordinatum.
1077 2670 1208 2737 Tertiam
1232 2668 1358 2757 deniqne
1379 2680 1509 2756 purtem,
1531 2688 1624 2755 quera

297 2777 418 2856 debis,
442 2798 518 2867 quse
542 2780 706 2867 peregisset
727 2782 759 2845 in
779 2775 924 2845 Hibernia
944 2777 1108 2856 Patricius,
1135 2778 1314 2866 paucissima
1334 2778 1367 2841 in
1395 2775 1492 2843 »utro
1515 2777 1625 2863 episto-

296 2886 411 2951 lernnrs
438 2889 612 2974 reperisset,
636 2908 675 2951 ex
697 2888 733 2952 iis
757 2898 920 2975 quactum
943 2884 980 2952 de
996 2885 1124 2952 Patricio
1147 2884 1345 2964 traderentur,
1367 2885 1545 2972 composuit
1578 2881 1624 2949 Ea

295 3014 399 3061 rerum
426 2996 494 3081 ipsa
522 3014 561 3059 ex
590 2991 710 3059 duobus
738 2993 926 3081 potissimum
952 2991 1087 3059 lontibus
1114 2992 1339 3081 produxerunt,
1368 2992 1493 3059 bistoria
1518 3012 1623 3078 serape

296 3122 380 3169 saera
402 3114 432 3166 et
454 3098 600 3165 Druidum
623 3098 760 3165 doctrina
782 3112 870 3189 atque
893 3098 1013 3165 sabulis,

383 3208 504 3275 Patricii
526 3210 619 3296 igitur
633 3210 712 3273 vitae
734 3207 908 3274 lineamento
931 3209 1018 3295 quasi
1040 3218 1070 3271 ct
1084 3207 1200 3273 colores
1214 3207 1373 3273 illustrium
1388 3206 1504 3273 Veteris
1517 3204 1624 3273 Testa·

296 3319 386 3384 menti
407 3319 539 3381 virorum
569 3316 798 3404 suppeditarunt
827 3315 972 3403 exempla.
1017 3314 1120 3402 ltaque
1147 3316 1195 3381 ille
1221 3318 1359 3403 captivus
1386 3318 1450 3403 regi
1476 3317 1623 3381 motu

296 3429 520 3514 interpretatur,
555 3436 590 3489 ut
619 3423 731 3511 loseph
766 3422 916 3513 quondam
946 3421 1105 3488 Pharaoni.
1151 3421 1227 3487 Dein
1261 3422 1298 3489 ab
1329 3423 1493 3503 Arintheo,
1528 3422 1621 3488 altero

295 3528 504 3610 Melchisedec,
530 3530 693 3598 ordinetur.
730 3530 792 3597 Sed
815 3530 853 3597 ad
875 3530 969 3596 Musis
991 3533 1119 3596 maxime
1141 3528 1360 3595 similitudinem
1383 3528 1503 3597 Patrieii
1523 3533 1621 3619 imago

297 3662 438 3729 expressa
461 3652 513 3705 cst.
561 3637 672 3704 Similis
696 3640 765 3705 huic
789 3638 846 3705 fuit
868 3657 935 3706 rum
957 3658 1027 3729 rege
1050 3650 1080 3705 ct
1101 3642 1195 3729 magis
1219 3636 1384 3716 contentio,
1413 3639 1621 3706 miraculorum

296 3762 442 3818 certamen
465 3760 553 3837 etque
576 3748 711 3814 victoria.

383 3855 477 3925 blosis
504 3858 596 3921 instar
625 3867 655 3921 ct
682 3854 730 3920 bio
758 3854 815 3921 sub
839 3856 919 3919 vitae
941 3854 1027 3920 linem
1050 3866 1179 3919 montem
1202 3866 1237 3921 ut
1258 3854 1403 3942 populum
1425 3854 1619 3932 benediceret,

295 3963 436 4033 aseendit.
483 3961 525 4028 At
547 3962 594 4027 bic
617 3965 681 4050 ipse
703 3984 797 4050 prone
819 3965 898 4051 magi
922 3975 1037 4049 partem
1060 3964 1200 4049 suscipit,
1224 3961 1369 4052 siqnidem
1392 3973 1523 4051 quatuor
1544 3964 1621 4027 cirea

294 4096 327 4141 se
350 4096 367 4139 a
386 4071 409 4139 4
423 4070 523 4137 mundi
545 4071 679 4157 partibus
701 4072 853 4137 collocatis
869 4068 1035 4157 lapidibus,
1060 4091 1150 4156 super
1164 4092 1239 4135 saxo
1255 4068 1365 4135 sedisse
1381 4082 1411 4136 et
1425 4091 1495 4135 aves
1510 4073 1619 4158 nigras,

293 4184 392 4271 ipsum
414 4178 673 4257 circumvolantes,
698 4199 840 4271 percusso
865 4176 1003 4267 cymbalo
1026 4176 1145 4266 iugasse
1166 4174 1261 4243 lertur
1282 4172 1529 4267 (cotg.111‚85).
1575 4176 1619 4243 llo

294 4290 370 4355 enim
392 4301 525 4377 tempore
542 4286 684 4353 Druidica
708 4309 792 4353 saera
815 4308 880 4353 rum
897 4283 1075 4352 Christianis
1097 4285 1213 4351 misceri
1235 4298 1340 4374 coeptu
1363 4297 1448 4351 errant
1468 4281 1551 4373 quod
1572 4284 1620 4350 vel

293 4419 334 4465 ex
356 4396 377 4463 3
400 4394 609 4485 petitionibus,
635 4394 797 4461 edmundi
821 4396 971 4460 interitum
994 4392 1215 4480 spectantibus,
1238 4396 1380 4483 cognosci
1400 4394 1477 4461 lieet
1524 4389 1619 4480 Cujus

293 4509 337 4573 rei
359 4504 501 4595 quamdin
523 4504 689 4569 llorueruut
711 4502 793 4591 apud
807 4500 916 4569 Scotos
938 4502 1039 4568 literae
1062 4515 1153 4591 atque
1174 4502 1327 4583 ecclesias,
1350 4501 1492 4568 indiciam
1505 4500 1618 4569 nullu

295 4626 402 4681 exstat.
448 4608 510 4679 Sed
531 4606 568 4677 de
591 4610 637 4676 bis
660 4611 718 4677 boc
739 4612 806 4677 loco
830 4632 891 4675 non
913 4609 1000 4699 plura
1023 4607 1166 4677 dicemus.

383 4720 529 4787 Patricius
556 4720 648 4809 igitur
674 4716 704 4785 X
733 4716 850 4785 sacculo
878 4718 966 4807 plane
987 4714 1082 4784 blesis
1110 4738 1266 4807 personam
1293 4720 1457 4808 suscepisse
1483 4718 1615 4808 fingitur.

297 4826 462 4897 Certamine
484 4826 561 4893 illius
584 4848 650 4894 cnm
674 4830 766 4916 magis
782 4848 876 4923 'verae
899 4847 965 4893 oum
988 4826 1062 4893 salsa
1087 4826 1229 4918 religione
1251 4832 1399 4895 contentio
1423 4827 1539 4916 depictr
1561 4840 1614 4894 cst.
