3642 5309
660 376 727 427 GAP.
744 375 792 427 tx.
827 375 1000 427 rannerus.

516 680 518 686 ⁸
573 636 665 729 Ger.
685 637 754 727 tx.
800 636 1088 729 PATRIGIUS.

159 906 164 911 .
259 849 291 916 ln
314 852 434 917 summis
456 871 572 941 semper
594 852 675 942 opud
690 850 797 920 Scotos
820 852 986 921 honoribus
1000 866 1060 919 tres
1075 853 1215 932 maxime,
1238 850 1399 930 Patricius,
1422 849 1489 917 Bri-

167 961 260 1049 gitta‚
285 958 430 1028 Goiumba
453 958 547 1027 babiti
570 974 648 1028 suet.
684 959 818 1046 Quorum
833 960 918 1027 Vites
940 960 1072 1051 undique
1089 972 1244 1051 congestae
1258 962 1289 1026 ie
1304 961 1371 1027 Aet.
1384 957 1486 1027 Saeet.

168 1067 239 1135 Vol.
262 1068 282 1135 Ι.
306 1068 393 1134 Trias
415 1067 542 1135 Theum.
569 1066 652 1136 1645
677 1068 828 1158 Goigenes
851 1068 951 1137 edidit
998 1070 1043 1135 De
1065 1064 1220 1157 Briqr'ttn
1247 1082 1345 1135 numm
1373 1080 1403 1135 et
1425 1064 1487 1133 Co·

168 1173 284 1243 laereba
305 1175 446 1243 disserere
468 1198 564 1266 neque
585 1180 771 1267 propositum
794 1177 882 1245 nobis
906 1191 952 1244 est
971 1177 1031 1244 hoe
1053 1177 1119 1244 loeo
1139 1199 1235 1266 neque
1252 1179 1372 1243 omnino
1387 1198 1488 1243 neees-

167 1286 288 1351 serium.
334 1284 454 1351 Praeter
480 1306 515 1351 ea
544 1288 620 1351 enim
647 1306 723 1375 quae
746 1285 827 1353 Beda
849 1288 880 1352 ie
902 1285 940 1352 Η.
955 1285 990 1352 Ε.
1014 1282 1127 1366 1v‚t;
1151 1284 1189 1364 V,
1215 1282 1257 1352 10
1282 1283 1321 1350 de
1343 1282 1488 1351 Columba

166 1392 284 1471 retulit,
307 1391 381 1458 nihii
403 1394 473 1459 certi
497 1406 603 1459 exstat.
640 1391 790 1483 Golgaeus
811 1394 929 1485 quidem
946 1392 1110 1461 Columbae
1124 1392 1211 1459 Vitae
1233 1391 1398 1481 quindeoim
1420 1403 1488 1458 aete

166 1499 374 1567 Adameaeum
398 1515 548 1569 enumerat
570 1504 745 1590 scriptores,
771 1523 896 1592 quorum
920 1524 1021 1569 omnes
1043 1514 1161 1590 praeter
1175 1499 1253 1567 deos
1268 1499 1401 1589 perditos
1424 1522 1487 1567 esse

165 1607 261 1675 libros
292 1610 449 1683 existimet
494 1610 607 1676 Horum
630 1610 703 1675 aiter
725 1622 771 1676 est
792 1613 932 1701 anonymi
955 1608 1123 1697 eujusdam,
1153 1606 1305 1685 Gemieei,
1334 1619 1369 1673 ut
1390 1618 1485 1695 petat,

165 1716 250 1783 niter.
286 1714 381 1801 Quem
403 1716 479 1783 levia
502 1738 573 1783 vero
596 1730 695 1785 essem
709 1715 835 1809 Goigeni
856 1730 1044 1809 argumenta,
1062 1717 1126 1803 jam
1141 1715 1277 1783 Baertiee
1291 1711 1372 1798 (Aet.
1384 1714 1485 1781 Senot.

163 1824 206 1891 tx
231 1819 313 1908 Jee.)
337 1823 448 1892 doeuit.
482 1822 560 1891 Sunt
583 1827 659 1892 enim
683 1824 758 1892 deae
781 1828 881 1914 potius
904 1825 1040 1893 diversae
1061 1828 1155 1902 vitae,
1179 1845 1254 1912 quas
1276 1824 1364 1889 enies
1387 1835 1486 1911 partes

164 1930 319 2023 Goiganus
341 1944 438 1999 vorat.
487 1930 617 2017 Querem
645 1936 755 2021 prima,
784 1955 859 2023 quae
883 1932 1018 2001 Geminei
1044 1952 1153 2000 nomen
1182 1930 1254 2009 ieet,
1283 1952 1375 2021 quum
1402 1932 1487 1997 loeus

165 2061 256 2130 quem
278 2038 469 2107 Adameanes
495 2062 533 2108 ex
556 2039 690 2109 Geminei
713 2042 783 2108 Vita
811 2064 843 2109 se
871 2043 1010 2108 sumsisse
1038 2040 1124 2119 dicit,
1153 2042 1186 2105 in
1213 2039 1262 2105 ilia
1290 2061 1351 2105 eon
1379 2051 1485 2118 exstet,

165 2146 312 2215 Geminee
334 2146 492 2215 tribuenda
514 2170 575 2215 non
599 2162 657 2228 est,
682 2150 774 2216 aiteea
795 2172 867 2216 vero
891 2171 967 2239 quae
988 2170 1085 2239 neque
1106 2146 1240 2215 Geminei
1262 2168 1369 2213 nornen
1391 2152 1487 2236 nequa

164 2256 265 2323 loeem
288 2254 454 2323 Adameaei
483 2256 636 2339 exhibeat,
668 2258 706 2327 eb
730 2259 788 2325 aiio
812 2256 942 2347 quodem
964 2270 1010 2324 eat
1030 2259 1151 2346 seripta.
1197 2254 1364 2323 Adameani
1384 2258 1486 2343 potins

164 2364 237 2431 Vita
263 2364 442 2453 reliquarum
465 2376 601 2431 euetores
623 2368 670 2432 usi
693 2388 756 2433 esse
778 2364 926 2433 videntur.
971 2366 1015 2431 Ar
1035 2365 1108 2431 base
1128 2367 1194 2453 ipsa
1215 2362 1290 2429 adeo
1312 2361 1421 2430 iebuiis
1442 2376 1487 2431 est

167 2470 340 2551 obscurata,
377 2484 412 2539 nt
438 2474 491 2539 vix
518 2472 598 2539 oredi
624 2476 734 2565 possit,
765 2473 817 2540 Vii
843 2474 977 2554 saeculo,
1013 2495 1073 2563 quo
1106 2472 1206 2539 literae
1234 2470 1315 2559 apud
1342 2472 1486 2561 Hyiensee

167 2578 348 2658 floruerunt,
372 2580 516 2669 ejusmodi
539 2603 634 2671 neges
656 2604 720 2649 esse
743 2584 935 2670 eonseeiptae.
975 2580 1098 2668 Proiogi
1119 2595 1217 2647 autem
1233 2579 1320 2645 Vitae
1341 2584 1488 2669 suspitio·

17 2738 18 2743 .
167 2708 234 2754 nem
256 2686 329 2754 mihi
351 2686 477 2767 ieeiunt,
507 2709 635 2776 quorem
662 2687 781 2754 titulum
812 2687 980 2754 »Praefatio
1003 2686 1211 2775 Apologiaque
1233 2685 1401 2753 Ademneni
1421 2690 1487 2755 Ab·

166 2791 246 2861 betis
272 2798 368 2863 saneti
397 2798 570 2886 scriptoris«
600 2819 618 2862 ιι
639 2795 761 2863 librario
784 2816 847 2861 esse
870 2794 1073 2884 praepositum
1094 2815 1181 2859 nemo
1202 2815 1264 2860 noe
1286 2793 1382 2873 videt,
1412 2817 1486 2884 apo·

165 2902 275 2992 logiam
296 2926 385 2985 vero,
415 2926 491 2994 quae
518 2916 588 2970 tem.
604 2904 673 2971 stilo
703 2924 738 2969 ao
765 2924 898 2969 sermone
928 2925 1017 2994 quam
1045 2925 1078 2969 re
1099 2902 1193 2969 aliena
1216 2904 1256 2969 sit
1276 2925 1296 2969 a
1317 2901 1386 2969 Vita
1409 2905 1483 2992 ipsa,

165 3010 303 3077 iietieiam
326 3034 404 3093 esse,
427 3010 512 3079 saeiie
534 3026 665 3102 apparet.
704 3009 880 3100 Briotrtae
903 3023 1001 3078 numm
1017 3011 1102 3077 Vitae
1118 3012 1212 3078 multo
1229 3024 1300 3078 suet
1313 3013 1485 3079 incertiores

166 3128 197 3185 et
217 3121 405 3187 recentiores.
450 3120 503 3187 His
525 3122 693 3210 praemissis
716 3118 867 3189 Patrico·
888 3121 995 3188 uitam
1023 3119 1179 3198 adeamus,
1208 3122 1261 3209 qui
1288 3141 1349 3185 noe
1370 3132 1485 3187 tantem

165 3228 231 3292 istis
253 3230 337 3315 prior
357 3226 429 3307 init,
453 3226 505 3294 sed
529 3240 559 3295 et
585 3230 718 3317 »primus
732 3228 891 3296 Hibemiee
906 3229 1092 3317 Apostolus«
1119 3227 1255 3295 babetur.
1293 3226 1418 3316 Triplex
1440 3239 1486 3294 est

166 3346 265 3401 autem
286 3332 412 3401 fontium
434 3358 544 3423 genus,
567 3336 703 3403 Vitarem
726 3339 867 3424 primum,
891 3335 1012 3403 Patrieii
1033 3335 1178 3403 librorum
1200 3334 1376 3414 seeundum,
1403 3338 1486 3402 testi·

166 3444 349 3521 munionem,
374 3464 450 3532 quae
471 3444 582 3531 passim
605 3457 766 3511 uetuerunt
786 3446 917 3511 tertium.

258 3548 287 3617 1.
325 3547 473 3617 Patrem
499 3548 603 3618 Vitae.

257 3656 406 3748 Goigenus
429 3658 516 3724 besee
538 3660 720 3727 enumeravit

258 3764 287 3833 1.
321 3767 456 3855 Hymnus
478 3766 593 3841 Fieobi,
617 3766 769 3834 Debtaebi
792 3766 938 3856 discipuli.

256 3872 287 3939 2.
322 3873 392 3940 Vite
414 3876 499 3963 eujus
521 3875 680 3942 Patricium
697 3877 845 3963 juniorem
870 3886 1019 3940 anetorem
1040 3871 1140 3940 babet

257 3979 288 4047 3.
324 3981 394 4049 Vita
416 4003 504 4071 quem
526 3984 658 4073 Benigno
682 3983 802 4050 Patrieii
825 3982 897 4049 dise.
921 3982 1086 4071 adscripsit.

255 4086 288 4155 1.
322 4089 392 4157 Vita
414 4113 432 4156 ιι
454 4089 499 4157 St.
515 4090 639 4159 Flereeo
662 4104 696 4158 ut
717 4104 805 4182 putet
826 4094 999 4181 composita.

257 4195 289 4263 5.
322 4197 392 4263 Vita
414 4198 515 4265 Probi.

256 4302 288 4372 6.
322 4303 391 4371 Vita
414 4328 434 4372 a
454 4306 587 4373 Joeeiino
610 4308 774 4397 compilata.

256 4412 288 4479 7.
323 4409 406 4501 Opus
429 4417 625 4502 tripartitum,
649 4418 734 4504 eujus
755 4415 869 4482 Evinue
891 4428 996 4482 auctor
1017 4413 1198 4504 perhibetur.
1232 4414 1294 4481 Has
1315 4415 1393 4481 vitas
1413 4413 1482 4481 bre·

169 4522 269 4589 vitetis
289 4520 390 4589 studio
420 4520 527 4610 »Goig.
550 4524 587 4603 11,
609 4524 659 4603 111,
681 4524 731 4604 IV,
756 4525 793 4603 V,
817 4523 889 4589 vfl«
917 4522 1097 4590 notabimus.
1134 4521 1289 4591 Accedent
1310 4521 1349 4588 ed
1370 4522 1426 4589 bas

256 4626 287 4698 9.
320 4630 440 4698 Patrieii
463 4630 553 4710 Arte,
577 4654 653 4721 quae
674 4632 821 4699 Historiae
843 4632 999 4699 Britonum
1021 4631 1121 4699 addite
1143 4645 1213 4698 sunt
1235 4629 1422 4718 §oo-55.

259 4734 309 4805 10.
344 4738 478 4831 Hymnus
500 4738 621 4808 Patrioii
642 4742 694 4831 qni
715 4742 746 4808 ie
767 4741 985 4831 Antiphonario
1001 4738 1078 4810 B'ob.
1102 4752 1208 4809 exstet.
1246 4739 1322 4805 Dein
1343 4761 1383 4807 ex
1403 4739 1481 4809 libro

17 4870 18 4881 ¹
167 4844 374 4917 Ardrnaebano
