3642 5309
400 252 421 324 2
926 278 993 327 car.
1011 279 1032 327 r.
1069 280 1191 329 annas.

397 428 545 515 paravit«
575 426 684 493 Verum
700 428 772 495 haec
788 442 907 495 exstant
922 432 952 495 in
966 432 1099 498 Historia
1112 433 1270 499 Britonum
1284 432 1303 519 ᾖ
1316 430 1359 499 32
1374 445 1429 499 etc.
1447 454 1535 522 quarn
1549 432 1598 499 ille
1612 446 1648 499 ut
1660 434 1724 521 ple·

396 538 481 623 rique
505 536 567 622 ejus
591 540 693 602 aetatis
718 541 876 627 scriptores
894 536 998 605 Gildae
1014 540 1159 606 attribuit.
1193 541 1272 607 ldem
1289 541 1363 606 alios
1379 544 1429 630 qui
1442 543 1505 627 jam
1519 540 1626 628 perditi
1642 554 1723 617 sunt,

398 664 415 705 a
440 642 525 708 Gilda
548 644 655 721 libros,
681 644 716 711 de
739 646 854 735 legibus
877 646 1061 713 Molmutiuis
1084 644 1173 730 (Hist.
1188 650 1227 727 ll,
1246 644 1299 732 17)
1323 648 1412 715 etde
1442 648 1590 715 »Victoria
1609 650 1725 715 Aurelii

397 750 568 816 Ambrosii«
599 748 659 833 (lV,
685 750 737 834 19)
761 758 888 843 scriptos
912 777 975 821 esse
996 759 1132 843 putavit,
1160 750 1287 845 qudrum
1310 760 1341 821 in
1363 760 1527 843 posteriore
1550 779 1581 822 se
1604 760 1725 822 nomina

398 872 427 923 et
451 872 534 925 actus
556 860 667 949 Fagani
690 861 877 951 Duvianique
906 877 937 928 et
964 868 1114 929 sociorum
1144 863 1181 929 ab
1203 863 1372 953 Eleutherio
1399 886 1477 953 papa
1499 868 1656 931 missorum
1677 868 1725 929 in-

395 970 511 1032 venisse
538 967 636 1034 relcrt.
683 969 744 1035 Nec
774 969 899 1059 denique
929 975 960 1036 in
989 970 1093 1037 Gildae
1122 972 1206 1037 libris
1234 994 1330 1061 neque
1358 975 1389 1037 in
1411 972 1544 1037 Historia
1566 973 1723 1039 Britonum

394 1076 552 1153 invenitur,
578 1076 660 1165 quod
676 1075 825 1144 Galfridus
844 1079 880 1143 de
894 1078 977 1158 Lud‚
1003 1078 1207 1145 Cassihelauni
1229 1078 1343 1158 lratris,
1368 1094 1397 1145 ct
1412 1079 1518 1145 Nennii
1534 1083 1723 1145 contentione

394 1180 498 1260 refert,
529 1206 632 1272 quam,
663 1187 719 1264 ait,
751 1188 845 1275 »quia
870 1185 972 1253 Gildas
996 1185 1255 1276 historiographus
1278 1190 1350 1253 satis
1371 1189 1488 1277 prolixe
1511 1191 1664 1265 tractavit,
1688 1211 1721 1253 ea

393 1292 553 1377 praeterire
576 1294 754 1382 praeelegi«

487 1398 651 1467 Giraldus
677 1399 893 1471 cambrensis
921 1404 1049 1492 denique
1075 1405 1107 1471 in
1130 1402 1285 1471 (lambriae
1313 1403 1509 1492 descriptione
1533 1426 1558 1469 c.
1582 1426 1609 1469 1.
1634 1400 1720 1469 1185

394 1510 504 1595 scripta
516 1508 619 1575 Gildae
635 1514 812 1577 mentionem
823 1511 902 1576 sarit.
926 1510 1007 1577 Dicit
1022 1514 1098 1577 enim
1113 1514 1145 1575 in
1155 1510 1348 1599 praelatione,
1365 1508 1485 1601 (Anglia
1497 1510 1587 1577 Sacra
1598 1534 1629 1599 p.
1641 1510 1721 1584 880)

401 1616 498 1682 ‚Prae
521 1617 584 1683 aliis
607 1620 706 1705 itaque
722 1618 892 1685 Britanniae
916 1618 1113 1707 scriptoribus
1136 1618 1218 1685 solus
1233 1618 1306 1684 mihi
1321 1618 1439 1697 Gildas,
1464 1622 1581 1707 quoties
1596 1618 1721 1683 eundem

394 1726 532 1791 materiae
555 1746 659 1791 cursus
683 1724 838 1805 obtulerit,
863 1726 1015 1793 imitabilis
1038 1749 1102 1793 esse
1123 1725 1252 1805 videtur,
1276 1730 1346 1815 quia
1368 1748 1403 1793 ea
1425 1748 1501 1814 quae
1516 1726 1592 1791 vidit
1613 1738 1644 1791 et
1658 1729 1720 1812 ipsc

393 1834 549 1918 cognovit,
575 1835 685 1920 scripto
703 1834 909 1901 commendans
926 1834 1133 1923 excidiumque
1148 1838 1245 1924 gentis
1263 1856 1334 1900 suae
1350 1833 1499 1901 declarans
1514 1836 1616 1920 potius
1631 1854 1718 1919 quam

393 1937 562 2005 describens
584 1963 684 2007 veram
708 1945 801 2031 magis
825 1944 980 2009 historiam
1001 1945 1100 2007 tenuit
1122 1964 1209 2030 quam
1232 1955 1400 2007 ornatam·

481 2047 559 2113 ldem
583 2051 615 2113 iu
635 2049 736 2115 libello
761 2050 797 2115 de
819 2049 1044 2117 illaudabilibus
1060 2050 1188 2115 Walliae
1211 2071 1236 2115 c.
1253 2050 1285 2115 ll.
1310 2048 1474 2131 (Wharton
1496 2050 1605 2139 Anglia
1625 2046 1717 2117 Sacra

390 2154 429 2232 ll,
453 2154 531 2239 448)
556 2156 671 2223 Gildam
701 2159 788 2246 plane
816 2172 936 2223 secutus
965 2156 1022 2224 sub
1045 2158 1133 2223 linem
1157 2155 1241 2222 addit
1277 2157 1340 2223 »De
1365 2156 1452 2224 Gilda
1474 2180 1545 2223 vero
1570 2160 1622 2245 qui
1642 2155 1717 2221 adeo

392 2268 422 2329 iu
450 2277 566 2351 gentem
595 2286 678 2329 suam
707 2268 813 2331 acriter
839 2268 1005 2344 invehitur,
1036 2266 1140 2331 dicunt
1162 2264 1315 2340 Britones‚
1345 2264 1427 2351 quod
1452 2278 1577 2351 propter
1598 2264 1717 2330 fratrem

391 2394 477 2435 suum
501 2371 645 2437 Albaniae
668 2377 846 2461 principem,
873 2397 959 2464 quem
982 2396 1038 2439 rex
1053 2372 1205 2439 Arthurus
1229 2370 1379 2437 occiderat
1400 2369 1529 2437 offensus
1552 2372 1625 2436 haec
1646 2375 1719 2437 scri-

390 2482 460 2566 psit.
496 2479 580 2545 Unde
603 2494 632 2547 et
654 2480 747 2547 libros
771 2486 906 2570 egregios
931 2504 1007 2570 quos
1031 2479 1068 2547 de
1092 2478 1190 2545 Gestis
1211 2478 1337 2543 Arthuri
1361 2491 1392 2543 et
1411 2481 1509 2566 gentis
1532 2500 1603 2545 suae
1623 2479 1719 2545 laudi-

390 2585 448 2651 bus
473 2588 581 2653 multos
604 2592 776 2677 scripserat,
804 2590 906 2655 audita
928 2588 1029 2655 fratris
1051 2590 1098 2654 sui
1121 2609 1192 2652 nece
1214 2608 1332 2662 omnes,
1355 2598 1391 2650 ut
1412 2599 1562 2663 asserunt,
1586 2590 1617 2649 in
1639 2608 1718 2651 mare

390 2695 524 2781 projecit.
561 2694 655 2783 Cujus
678 2699 721 2761 rei
744 2718 834 2765 causa
856 2697 931 2763 nihil
952 2697 989 2764 de
1011 2710 1097 2763 tanto
1118 2697 1252 2784 principe
1273 2697 1305 2759 in
1328 2696 1445 2782 scriptis
1469 2694 1645 2761 authenticis
1666 2715 1718 2757 ex·
1810 2721 1811 2756 .

389 2824 523 2888 pressum
547 2806 709 2869 invenies«

481 2908 569 2991 Quod
592 2932 682 2996 quum
707 2910 783 2975 desit
804 2914 834 2975 in
852 2910 962 2977 Codice
978 2911 1292 2975 westmonasteriensi
1313 2910 1394 2974 haud
1417 2912 1481 2973 scio
1503 2930 1541 2973 an
1561 2908 1715 2976 alibrario

390 3014 519 3104 quodam
542 3014 632 3081 luerit
654 3016 811 3103 adjectum.

478 3122 545 3189 Huc
567 3125 652 3189 etiam
676 3127 804 3210 pertinet
826 3138 898 3191 nota
920 3125 1049 3203 librarii,
1074 3145 1150 3211 quae
1172 3122 1229 3189 sub
1252 3122 1339 3189 finem
1363 3121 1518 3188 codiciall
1541 3133 1653 3198 exstat,
1678 3120 1716 3186 de

391 3254 449 3321 qua
471 3229 556 3296 inlra.
589 3230 633 3295 lbi
658 3231 759 3297 Gildas
782 3256 921 3323 maguum
944 3233 1039 3299 fertur
1061 3231 1098 3297 de
1113 3230 1268 3295 Britonum
1291 3231 1413 3319 regibus
1427 3230 1537 3297 librum
1551 3230 1714 3316 scripsisse.

478 3338 582 3405 lisdem
605 3338 665 3403 lero
687 3341 873 3429 temporibus
891 3340 993 3409 Gildae
1008 3339 1096 3405 Vitae
1119 3342 1299 3425 compositae
1313 3351 1399 3417 sunt,
1423 3339 1514 3407 altera
1527 3336 1583 3403 llll
1596 3337 1714 3402 saeculo

390 3470 407 3512 1
430 3447 562 3535 Ruyensi
587 3438 715 3535 hundam
739 3450 885 3515 monacho
910 3446 969 3531 (ed.
985 3447 1130 3515 Mabillon
1153 3448 1220 3512 Act.
1237 3446 1339 3513 Sauct.
1364 3468 1440 3513 saec.
1460 3443 1503 3527 1.)
1526 3444 1714 3511 aCaradoco

388 3555 599 3634 Lancarvensi,
631 3570 665 3621 ut
693 3556 801 3637 fertur,
832 3558 924 3622 altera
954 3552 1013 3639 (ed.
1036 3555 1203 3621 Steveuson
1232 3578 1297 3620 cum
1329 3553 1434 3620 Gildae
1462 3556 1580 3639 scriptis
1605 3551 1712 3632 1838).

388 3664 473 3728 Hanc
496 3686 565 3727 vero
590 3687 684 3752 neque
709 3690 725 3731 1
746 3664 901 3733 Caradoco
926 3666 1066 3750 scriptam
1090 3677 1120 3729 et
1139 3663 1193 3729 llll
1215 3662 1332 3727 saeculo
1356 3662 1553 3748 antiquiorem
1576 3682 1653 3738 esse,
1684 3662 1712 3722 in

388 3770 570 3858 praelatione
594 3768 692 3855 (ibid.)
717 3772 884 3839 Stcvenson
909 3772 1020 3838 docuit.
1068 3769 1186 3836 Sufficit
1207 3791 1302 3855 pauca
1325 3768 1363 3834 de
1385 3790 1419 3833 ea
1441 3768 1547 3833 dicere.

478 3880 592 3943 Auctor
615 3880 703 3967 hujus
720 3882 805 3947 Vitae
830 3880 945 3947 Gildam
969 3878 1153 3965 Sapientem,
1183 3876 1339 3954 Sanctum,
1369 3876 1543 3955 Ductorem,
1567 3874 1714 3940 Historia·

387 3987 534 4075 graphum
563 4000 672 4053 vocat·
713 3988 839 4055 ”Fuisse
868 4012 935 4054 eum
964 4010 1056 4051 unum
1085 4008 1124 4051 ex
1152 3983 1195 4050 24
1220 3984 1288 4049 Nau
1310 3982 1456 4049 Albaniae
1482 3985 1561 4071 regis
1588 3982 1656 4047 filiis
1684 3994 1714 4047 et

389 4096 526 4161 iannos
555 4098 584 4159 in
613 4096 632 4159 7
658 4096 771 4163 artibus
794 4096 945 4161 studuisse
973 4099 1004 4159 in
1029 4093 1131 4159 Gallia.
1178 4093 1253 4157 Dein
1280 4114 1347 4157 eum
1368 4103 1525 4157 remeasset
1547 4111 1613 4155 cum
1635 4089 1712 4153 mole

388 4201 572 4268 diversorum
596 4203 794 4281 voluminum,
825 4203 929 4269 audita
957 4204 1020 4288 ejus
1047 4200 1126 4267 lama
1153 4200 1333 4265 confluxisse
1355 4199 1487 4287 undique
1508 4199 1651 4285 plurimos
1674 4195 1713 4261 ad

388 4332 453 4375 eum
480 4311 638 4377 scholares.
677 4311 810 4379 Eundem
833 4309 1021 4377 Ardmachae
1044 4330 1164 4398 quoque
1186 4307 1318 4375 studium
1339 4311 1468 4385 rexisse,
1498 4306 1566 4373 dein
1587 4306 1712 4371 Romam

385 4416 551 4505 profectum
586 4442 754 4507 campanam
785 4419 924 4483 Pontifici
954 4418 1032 4483 dono
1068 4416 1197 4493 dedisse,
1232 4438 1383 4483 reversum
1413 4414 1480 4479 inde
1509 4413 1713 4481 Lancarvense

384 4530 497 4593 rexisse
520 4527 666 4607 studium,
694 4528 822 4617 posthae
846 4550 913 4593 cum
938 4526 1059 4593 Cadoco
1081 4528 1113 4591 iu
1135 4525 1237 4591 insulis
1261 4524 1407 4591 Sabrinae
1429 4522 1559 4588 fluminis
1582 4544 1713 4589 commo·

383 4648 497 4715 ratum,
529 4637 660 4703 aDanis
691 4637 819 4727 denique
850 4634 1007 4723 expulsum
1036 4633 1205 4721 conlegisse
1228 4632 1411 4701 Glastouiam
1440 4642 1470 4697 et
1491 4628 1535 4697 ihi
1558 4632 1711 4719 scripsisse

381 4740 521 4810 historias
545 4742 582 4811 de
603 4744 725 4835 regibus
748 4745 932 4813 Britanniae:
964 4744 1044 4811 Tum
1064 4766 1137 4811 vero
1160 4765 1253 4832 quum
1275 4742 1348 4810 urbs
1371 4741 1410 4808 ab
1433 4740 1567 4808 Arthuro
1591 4738 1710 4805 obside·
