3642 5309
656 297 722 347 car.
741 296 761 345 1.
799 294 919 346 cunas.
1422 265 1444 341 8

124 460 218 527 retur,
240 447 320 515 bunc
340 446 544 515 reconciliasse
559 468 625 515 curn
641 446 806 521 Melcuamo
821 470 908 536 rege;
932 466 1053 534 umque
1068 442 1108 511 ob
1122 466 1241 511 causam
1256 444 1348 510 multa
1360 465 1446 531 reges

128 554 297 622 Glastoniae
321 556 458 622 eeclesiae
481 558 630 622 territoria
653 555 787 622 donasse.
824 554 957 621 Tandem
974 551 1088 620 Gildam
1111 565 1261 620 mortuum
1279 552 1446 619 Glastoniae

128 666 208 731 etin
232 664 352 731 ecelesia
373 662 419 731 St.
443 662 554 731 Mariae
578 686 641 731 esse
663 663 846 753 sepultum.‘
889 663 969 729 Haec
990 660 1050 727 lere
1072 661 1129 727 ille.

214 772 302 839 Tales
332 772 449 861 quidun
477 772 593 839 fabulas
619 794 674 839 nos
696 772 754 839 boc
776 774 842 839 loco
865 794 927 839 non
949 770 1033 835 facile
1055 772 1207 857 repetituri
1231 790 1360 848 eramus,
1390 769 1448 833 nisi

123 880 312 947 doctissimos
333 884 415 947 viros
438 878 626 959 induxerint,
658 878 734 947 duos
756 893 887 947 statuere
911 878 1022 945 Gildas.
1069 877 1151 963 Quae
1174 876 1263 943 hodie
1285 880 1447 944 communis

120 986 183 1053 lere
211 992 341 1056 omnium
369 990 514 1055 sententia
541 987 704 1055 levioribus
734 987 854 1055 fulcitur
876 987 1065 1074 argumentis.
1112 984 1275 1051 Maximum
1296 998 1342 1051 est
1364 984 1446 1061 illud,

121 1094 207 1183 quod
222 1094 393 1162 Guilielmus
408 1096 508 1162 Malm.
527 1094 643 1162 Gildam
667 1095 776 1161 obiisse
792 1094 900 1162 reserat
922 1118 949 1160 a.
966 1092 1041 1172 512,
1066 1093 1200 1158 obsessio
1216 1116 1287 1159 vero
1304 1091 1447 1157 Badonici

121 1207 232 1270 montis
259 1204 337 1269 facta
364 1206 403 1270 sit
432 1228 459 1270 a.
481 1202 562 1282 520,
594 1224 654 1292 quo
685 1227 763 1270 anno
791 1215 945 1269 senatum
969 1224 1033 1267 esse
1056 1199 1156 1267 Gildas
1179 1200 1447 1287 ipsetestilicatur.

119 1310 199 1377 Hinc
220 1334 282 1377 non
304 1312 400 1378 solum
414 1310 538 1377 Balaeus
561 1310 615 1376 sed
638 1313 724 1379 etiam
742 1312 893 1390 Usserius,
918 1311 1004 1397 cujus
1026 1310 1154 1375 maxima
1177 1312 1265 1373 estin
1281 1305 1450 1397 indaganda

119 1422 299 1509 antiquitate
327 1422 488 1487 auctoritas
517 1418 676 1498 conclusit,
707 1419 797 1487 alium
825 1442 888 1485 esse
918 1416 1034 1483 Gildam
1059 1416 1236 1493 Albaniana,
1265 1415 1449 1481 Budenicum

119 1527 221 1594 alium.
261 1525 349 1611 Quod
372 1527 437 1592 luce
460 1526 568 1592 clarius
592 1540 671 1593 esset
693 1529 718 1593 si
742 1540 800 1593 mm
825 1528 862 1593 de
885 1548 963 1592 anno
987 1525 1168 1592 obsessionis
1190 1525 1283 1603 illius,
1308 1546 1396 1613 quam
1411 1523 1449 1589 de

120 1632 229 1701 Gildae
259 1648 353 1701 aetate
380 1637 457 1701 inter
486 1656 586 1702 omncs
615 1634 702 1701 medii
732 1638 799 1701 aevi
827 1638 987 1722 scriptores
1016 1646 1173 1699 constaret.
1220 1632 1301 1698 Beda
1330 1632 1450 1721 quidem

122 1740 227 1809 Gildae
255 1742 351 1807 locum
379 1764 533 1829 perperam
562 1745 775 1829 interpretatus
798 1742 982 1809 Badonicum
1010 1753 1139 1807 montem
1168 1739 1322 1808 obsessum
1346 1763 1449 1805 essea

120 1847 187 1915 493
218 1852 351 1938 putavit,
381 1850 487 1939 reliqui
515 1851 659 1917 calculum
688 1872 749 1917 non
780 1850 999 1917 subduxerunt
1045 1847 1353 1915 Annalesdambriac
1376 1870 1448 1914 vero

119 1956 154 2021 id
176 1980 204 2023 a.
226 1954 308 2036 516,
332 1958 500 2023 Matthaeus
516 1958 684 2025 Westmon.
710 1980 736 2025 a.
760 1956 825 2024 520
846 1959 958 2024 iactum
980 1956 1121 2023 referunt.
1161 1955 1263 2045 Neque
1287 1955 1323 2020 de
1347 1953 1449 2022 Gildas

122 2078 219 2131 aetate
247 2067 319 2131 certi
346 2062 508 2154 quidquam
538 2064 660 2131 tradunt
688 2068 737 2132 isti
766 2069 936 2155 scriptores.
982 2065 1049 2130 lloc
1072 2085 1164 2129 unum
1188 2086 1225 2129 ex
1248 2064 1321 2129 locis
1344 2086 1449 2150 supra·

125 2170 209 2237 dietis
231 2185 261 2239 et
276 2172 353 2237 Vitis
376 2173 474 2261 colligi
497 2172 579 2250 lieet,
606 2173 721 2238 Gildam
745 2196 796 2239 eos
818 2174 945 2239 Arthuri
969 2172 1120 2262 aequalem
1143 2170 1291 2237 babuisse.
1328 2170 1449 2237 Guiliel·

123 2301 188 2343 mus
211 2300 288 2344 unns
306 2277 421 2346 Gildam
444 2303 470 2345 a.
488 2279 568 2359 512,
593 2281 757 2347 Artburum
781 2306 807 2349 a.
825 2279 890 2347 542
915 2281 1074 2346 decessisse
1096 2278 1195 2346 relert.
1234 2278 1449 2345 Stolidissimae

120 2409 193 2452 vero
222 2386 340 2453 fabulae
367 2388 474 2476 aliique
498 2390 550 2476 qui
573 2392 603 2453 in
625 2389 702 2455 libro
726 2393 790 2475 ejus
813 2402 933 2456 exstant
956 2389 1074 2467 calculi,
1106 2409 1211 2476 purum
1234 2390 1296 2475 apti
1319 2387 1449 2453 suntad

118 2494 209 2559 iidem
236 2493 408 2561 faciendam.
453 2494 532 2561 ldem
562 2498 638 2561 enim
660 2496 804 2563 Davidem
835 2501 924 2586 episc.
948 2510 1100 2564 mortuum
1130 2518 1192 2561 esse
1215 2494 1305 2561 refert
1326 2519 1353 2561 a.
1372 2492 1447 2572 546,

117 2602 251 2667 Annales
275 2600 429 2670 Cambriae
453 2625 523 2669 vero
548 2626 574 2669 a.
595 2602 669 2670 601.
710 2604 827 2690 Quanta
849 2628 921 2671 vero
947 2618 1112 2694 temporum
1135 2626 1170 2670 ac
1191 2625 1291 2672 rerum
1313 2603 1448 2669 conlusio

118 2722 234 2799 quanta
255 2710 421 2777 fabularum
442 2711 529 2775 fictio.
546 2711 600 2775 ΧΗ
622 2712 740 2775 saeculo
764 2712 868 2789 luerit,
896 2733 983 2775 uerno
1007 2715 1109 2776 nescit.
1155 2710 1335 2775 incertitudo
1358 2714 1450 2799 igitur

118 2830 288 2907 temporum
311 2840 399 2885 causa
423 2838 483 2881 non
507 2828 566 2893 est,
591 2838 644 2881 cur
667 2815 727 2880 duo
751 2829 922 2883 statuantur
941 2816 1052 2881 Gildas.
1088 2815 1150 2883 Sed
1172 2816 1254 2904 quod
1275 2816 1369 2903 pluris
1393 2830 1447 2892 est,

121 2926 208 2991 silent
231 2928 330 2991 omnia
352 2937 412 2991 mm
435 2935 554 2990 vetusta
577 2946 664 3013 quam
687 2922 776 2989 medii
800 2928 864 2990 aevi
887 2936 1078 2990 monumenta
1102 2924 1138 2989 de
1162 2924 1253 2989 altero
1272 2921 1373 3003 Gilda3
1398 2926 1450 3013 qui

126 3036 152 3097 si
173 3033 236 3099 talis
261 3055 295 3099 ac
318 3045 418 3098 tantus
440 3035 488 3096 vir
504 3034 680 3110 exstitisset,
705 3032 787 3121 apud
803 3032 937 3111 Gildam,
960 3032 1085 3109 Batiam,
1109 3031 1238 3097 Annales
1255 3030 1449 3099 Cambrcnses

120 3162 156 3205 ac
183 3163 309 3229 prorsus
339 3162 439 3205 omnes
467 3143 627 3227 scriptores
656 3140 764 3205 nullam
794 3144 915 3208 omnino
945 3142 1009 3226 ejus
1037 3143 1214 3206 mentionem
1241 3140 1320 3217 fieri,
1350 3141 1449 3204 mirari

118 3251 193 3313 satis
221 3271 283 3314 non
305 3270 468 3337 possemus.
514 3244 719 3333 Rejicienda
741 3256 793 3315 est
814 3248 921 3335 ipitur
943 3248 1032 3329 dtu,
1062 3246 1148 3313 duos
1173 3246 1285 3332 facisse
1312 3244 1448 3327 Gildas,

119 3358 340 3443 conjectura,
368 3375 443 3445 quae
471 3366 506 3419 ut
534 3354 607 3419 aliae
632 3355 860 3421 innumerabiles
885 3356 1073 3441 conjecturae
1097 3368 1127 3422 et
1148 3354 1266 3421 fabulae
1288 3377 1327 3420 ex
1349 3354 1448 3420 Balaei

117 3476 149 3529 et
165 3463 249 3529 Pitsii
272 3462 389 3529 officina
410 3462 537 3550 prodiit.
561 3463 612 3551 qui
635 3484 726 3551 quum
750 3485 887 3551 respuere
911 3464 1110 3553 repugnantia
1132 3464 1257 3541 nodent,
1280 3466 1358 3528 iuter
1372 3462 1446 3529 duas

118 3594 154 3637 ea
178 3593 321 3659 personas
344 3569 568 3637 distribuerunt.

216 3676 310 3746 Unus
333 3699 434 3767 ergo,
462 3676 505 3741 de
529 3696 597 3764 quo
620 3678 736 3765 opiter
763 3676 885 3744 Gildas
907 3678 999 3766 suit,
1031 3678 1150 3766 dequo
1174 3680 1333 3745 certissima
1358 3700 1447 3769 qnae·

118 3786 190 3851 dam
212 3808 379 3877 quanquam
404 3786 578 3873 paucissima
602 3808 693 3875 quum
717 3810 755 3853 ex
778 3790 907 3875 antiquis
931 3788 1108 3852 testimoniis
1131 3800 1194 3852 turn
1212 3789 1359 3874 exipsius
1375 3791 1448 3852 scri·

118 3896 181 3982 ptis
204 3896 344 3983 cognosci
367 3894 442 3960 licet.
488 3893 568 3959 llaec
591 3897 666 3959 enirn
690 3896 753 3981 ipsc
776 3894 832 3959 sub
856 3895 945 3961 finem
968 3895 1117 3961 Historiae
1139 3893 1211 3959 dicit
1234 3888 1264 3979 (ᾖ
1287 3891 1342 3976 26)
1377 3895 1447 3960 »Ex

119 4025 157 4068 eo
182 4014 313 4091 tenpore
341 4024 419 4067 nunc
446 4004 524 4068 cives
546 4024 625 4069 nunc
649 4003 749 4067 hostes
772 4002 933 4067 vincebant
1033 4025 1128 4093 usque
1152 4001 1190 4066 ad
1212 4023 1321 4067 annum
1345 4002 1447 4068 obses·

119 4112 213 4177 sionis
237 4108 379 4177 badonici
407 4113 516 4175 montis
640 4112 750 4199 quique
781 4109 1027 4199 quadragesimus
1054 4124 1179 4200 quartus
1201 4123 1235 4175 ut
1257 4111 1329 4175 novi
1352 4112 1448 4177 oritur

119 4240 216 4285 annus
238 4240 338 4284 menso
355 4218 417 4304 jam
439 4220 546 4305 primn'
559 4238 691 4297 emenso,
717 4220 766 4307 qui
786 4219 847 4303 jam
864 4232 893 4283 et
908 4242 991 4285 meac
1006 4214 1168 4287 nativitatis
1184 4232 1260 4283 est«
1303 4216 1358 4283 llic
1373 4239 1445 4284 vero

121 4348 216 4395 annus
245 4347 336 4415 quum
366 4324 528 4391 secundum
549 4325 678 4393 Annales
706 4324 860 4391 Cambriac
883 4326 915 4393 X
944 4329 1063 4394 saeculo
1093 4330 1221 4415 scriptos
1244 4321 1334 4406 (conl.
1357 4322 1445 4408 inira)

119 4434 229 4501 LXXll
254 4438 316 4501 sive
339 4431 403 4501 516
427 4446 544 4501 nostrae
567 4456 651 4501 aerae
674 4437 713 4499 sit
735 4430 812 4517 (520
835 4434 944 4500 Mattb.
962 4433 1144 4520 Westmon.)
1166 4448 1254 4501 natus
1276 4446 1323 4499 est
1345 4432 1445 4499 Gildas

120 4566 148 4611 a.
166 4540 241 4624 516,
260 4542 421 4611 Historiam
436 4556 533 4611 autem
550 4544 717 4633 composuit
731 4565 758 4607 a.
776 4538 841 4607 560
857 4539 958 4623 (564).
986 4544 1150 4631 Epistulam
1165 4564 1237 4610 vero
1252 4554 1321 4607 ante
1336 4562 1445 4607 aunum

120 4648 191 4719 517
204 4654 356 4741 scripsisse
371 4652 498 4731 videtur,
523 4651 667 4740 siquidem
689 4649 766 4717 idem
789 4662 835 4715 cst
848 4650 1032 4732 Mailcunus,
1057 4676 1144 4743 quem
1167 4654 1196 4717 in
1213 4649 1346 4741 Epistola
1360 4651 1445 4740 quasi

119 4774 304 4851 praesentem
331 4762 464 4850 increpat
490 4782 556 4829 eum
584 4760 750 4841 illailcuuo,
786 4780 872 4849 quem
901 4782 928 4825 a.
951 4758 1015 4826 547
1047 4774 1197 4827 mortuum
1225 4782 1288 4826 esse
1316 4760 1444 4826 Annales

1181 4863 1217 4919 1.
