3642 5309
713 335 780 385 car.
799 336 819 385 r.
854 334 975 386 annas.
1477 306 1504 385 9

271 485 374 555 Gildas
395 488 488 577 igitur
508 486 563 554 hac
586 486 618 552 in
640 506 672 553 re
693 508 761 555 cum
782 487 865 555 Beda
887 491 1031 568 concinit,
1059 490 1111 578 qui
1133 485 1269 555 Saxones
1291 508 1311 553 a
1332 483 1505 553 Britonibna

183 620 211 665 a.
226 593 290 663 447
314 596 362 663 vel
384 594 450 663 449
478 598 620 663 invitatos
648 618 711 663 esse
738 594 839 665 tladit
884 597 954 663 Non
982 600 1059 663 enim
1085 600 1184 663 statim
1206 608 1277 683 post
1298 617 1444 664 reversam
1467 595 1504 663 ab

181 704 270 773 Aetio
293 704 469 794 legationem
493 703 578 773 Gilda
603 716 724 771 auctore
747 704 883 776 Saxones
907 706 1105 784 advenerunt,
1127 704 1182 771 scd
1197 704 1262 771 Deo
1286 705 1388 772 conlisi
1409 707 1507 771 victo·

181 816 255 881 riam
277 812 415 877 Britones
444 811 482 877 ab
512 810 648 879 hostibus
676 826 868 902 reportarunt
895 827 926 881 et
946 828 1008 881 tum
1032 814 1147 880 demum
1170 812 1365 881 invalescente
1387 813 1506 879 luxuria

182 934 213 989 et
233 923 353 1011 ignavia
375 932 479 985 contra
499 918 600 986 Pictos
624 919 792 1011 Scotosque
815 944 833 989 a
855 921 1029 989 Senonibus
1051 926 1202 1012 petierunt
1223 921 1376 987 auxilium.
1418 919 1508 1005 Quod

181 1052 253 1096 vero
276 1030 326 1096 ad
338 1029 475 1115 praenes
497 1028 586 1097 duas
609 1027 794 1119 legationes
818 1040 973 1117 spectat,
996 1027 1261 1097 comestoribus
1282 1027 1505 1114 scriptoribus

186 1134 308 1205 Gildas
329 1134 563 1226 multomagis
587 1139 761 1226 conpescit,
788 1160 890 1228 quom
912 1136 1033 1219 Beda,
1056 1141 1107 1228 qni
1130 1161 1180 1205 eas
1202 1140 1232 1202 in
1256 1136 1407 1204 Chronico
1430 1138 1507 1203 inter

182 1245 235 1311 Vll
257 1243 354 1311 etXll
375 1243 502 1311 Honorii
524 1258 554 1312 et
575 1246 740 1313 Theodosii
762 1248 787 1314 ll
809 1270 919 1314 annum
941 1242 979 1329 (e.
995 1243 1185 1331 tte-lte)
1208 1245 1300 1311 lactas
1321 1266 1385 1311 esse
1407 1244 1505 1311 relect.

183 1352 278 1441 Cujus
300 1351 405 1419 calculi
426 1354 503 1418 ratio
526 1376 650 1441 prorsus
672 1356 753 1423 latet
790 1355 891 1422 Gildas
915 1355 983 1421 dein
1006 1358 1056 1444 qui
1071 1356 1282 1419 transmarinos
1297 1364 1385 1417 vocat
1399 1350 1509 1419 Scotos

181 1461 352 1551 Pietasque,
368 1458 478 1545 Scotoa
492 1460 530 1527 ab
542 1460 682 1528 Hibernia
695 1466 808 1530 venisse
823 1466 948 1539 censuit,
964 1461 1047 1527 Beda
1061 1461 1145 1527 aliter
1155 1483 1217 1527 rem
1232 1464 1441 1547 interpretatus
1452 1473 1507 1527 est.

272 1568 355 1655 Quae
377 1568 490 1657 reliqna
512 1581 599 1647 sunt,
623 1570 737 1636 Aurelii
759 1593 877 1661 pugnas
900 1566 931 1658 (5
948 1568 1001 1638 25.
1017 1566 1119 1650 XXV)
1142 1569 1343 1636 obsessionem
1365 1569 1510 1635 Badonioi

182 1680 291 1745 montis
314 1672 354 1759 (a.
371 1673 436 1743 516
458 1676 565 1743 dnnd.
584 1674 701 1763 Camb.)
724 1671 879 1747 Brilonuna
902 1690 1013 1745 statum
1039 1690 1070 1743 et
1095 1677 1307 1754 conditionem,
1338 1699 1429 1767 quutn
1452 1678 1509 1743 alia

183 1786 279 1853 desint
289 1797 486 1865 monumenta,
503 1788 672 1853 omittentes
688 1787 726 1853 ad
737 1786 1015 1855 Eeekrioacieam
1026 1784 1205 1853 Matonem
1219 1788 1384 1852 transimus.
1407 1785 1508 1852 Primo

184 1895 302 1984 quidem
320 1892 356 1960 de
372 1890 552 1961 Britonatm
568 1894 788 1963 conversione
803 1895 959 1963 dicendum
975 1908 1035 1973 est,
1059 1893 1095 1961 dc
1111 1917 1170 1984 qna
1186 1916 1275 1983 quum
1290 1894 1364 1961 nihil
1379 1917 1396 1959 a
1411 1916 1509 1983 popu-

182 2002 294 2071 laribus
316 2000 458 2069 traditum
481 2004 642 2070 invenisset
664 2002 765 2073 Gildas
788 2027 827 2072 ex
849 2004 972 2072 Eusebii
994 2004 1126 2070 Historia
1148 2004 1254 2069 baccea
1277 2002 1460 2093 compilavit:

276 2178 399 2254 uades
422 2172 494 2259 ld.
519 2180 601 2271 Cap.
620 2178 677 2251 VI.
831 2182 956 2251 Euseb.
979 2180 1072 2268 Buff.
1096 2183 1217 2270 iaatcap.
1241 2180 1319 2250 ΗΕ
1337 2181 1388 2268 ΙΙ,
1412 2182 1446 2248 2.
1463 2183 1496 2251 3.

235 2326 367 2393 »laurea
389 2326 506 2417 glaciali
528 2326 639 2419 lrigore
659 2330 767 2419 rigenti
862 2327 914 2410 11,
929 2329 961 2395 2
999 2328 1131 2395 ·lutorea
1153 2350 1220 2395 cum
1242 2350 1296 2418 per
1313 2349 1428 2395 omnem
1445 2330 1509 2416 jam

184 2434 298 2500 insulae
321 2445 351 2499 et
365 2435 447 2502 velut
466 2436 602 2526 longiore
622 2450 767 2505 terrarum
819 2438 917 2505 locum
934 2436 971 2505 de
985 2439 1202 2505 resurreetione
1216 2450 1246 2504 et
1258 2436 1443 2504 mirabilibus
1456 2436 1511 2502 do-

184 2564 302 2609 seeessn
324 2542 380 2608 soli
398 2542 508 2610 visibili
530 2566 590 2610 non
612 2548 768 2634 proximae
821 2548 891 2614 mini
919 2548 1016 2613 nostri
1141 2560 1171 2612 et
1193 2545 1230 2612 de
1253 2546 1423 2611 ascensione
1446 2546 1510 2632 ejus

187 2672 273 2717 verus
299 2649 348 2717 ille
374 2651 420 2716 sol
441 2673 504 2717 non
526 2650 563 2718 de
584 2651 767 2721 firmamento
821 2655 860 2721 ad
882 2655 997 2720 eoelum
1018 2653 1092 2720 felix
1106 2652 1183 2719 lama
1205 2654 1379 2741 loqueretur
1389 2700 1510 2721 ......

185 2759 280 2825 solum
314 2758 468 2847 temporali
503 2756 555 2825 sed
587 2759 625 2825 de
654 2782 768 2827 sumana
822 2761 904 2847 Quae
919 2760 1054 2850 prolecto
1071 2760 1172 2825 divina
1183 2757 1371 2847 providentia
1386 2762 1427 2825 ita
1438 2772 1511 2825 tnnc

185 2870 272 2935 etiam
301 2867 451 2934 coelorum
478 2887 545 2935 aree
568 2880 674 2934 ennete
695 2879 769 2935 tcm-
822 2867 957 2937 Caesaris
967 2865 1103 2934 sensibus
1115 2868 1252 2955 ingessit,
1268 2866 1313 2931 uti
1324 2863 1436 2954 absque
1447 2866 1509 2932 ullo

184 2998 260 3065 pora
275 2974 434 3042 excedente
446 2974 513 3042 orbi
528 2977 667 3043 universo
680 2960 769 3066 'prae-
823 2976 980 3052 obstacnlo
1004 2978 1034 3041 in
1057 2976 1130 3067 ipsis
1147 2974 1294 3041 duntaxat
1308 2975 1398 3041 initiis
1414 2973 1513 3041 Evan-

184 3082 329 3174 lnlgidnm
356 3086 402 3149 sui
425 3105 582 3151 coruscum
605 3097 766 3165 ostentans,
820 3087 889 3177 gelli
912 3106 1009 3152 sermo
1032 3103 1248 3173 usquequaque
1269 3096 1486 3173 percurreret«

184 3205 317 3281 tempore
339 3204 374 3258 ut
396 3194 504 3259 scimus
522 3214 636 3259 summo
653 3194 768 3261 Tiberii
863 3192 915 3275 11,
926 3192 959 3261 3.
983 3191 1088 3260 ’Unda
1103 3204 1134 3257 et
1147 3191 1257 3259 laetum
1272 3205 1326 3268 est,
1343 3204 1511 3281 utrepente

186 3298 336 3378 Caesaris,
367 3320 427 3389 quo
457 3299 570 3389 absque
591 3300 653 3367 ullo
677 3304 769 3394 impe·
823 3305 907 3394 quasi
922 3301 1044 3368 coelitus
1062 3301 1162 3365 lumen
1176 3311 1327 3366 ostensum
1342 3312 1395 3366 ant
1408 3300 1510 3367 radius

186 3407 315 3475 dimento
334 3408 398 3495 ejus
412 3406 639 3498 propagabatur
652 3410 766 3501 religio,
823 3410 942 3501 quidam
964 3409 1035 3476 solis
1050 3429 1206 3497 erumpens
1220 3420 1316 3474 totum
1332 3406 1434 3475 orbem
1451 3409 1510 3475 ela·

186 3518 361 3584 comminata
383 3530 489 3585 senatu
510 3516 629 3585 nolente
651 3520 768 3607 aprin·
820 3522 907 3585 ritate
936 3519 1057 3607 superni
1085 3516 1204 3581 luminis
1228 3516 1388 3582 illustraret
1409 3529 1439 3584 et
1460 3517 1511 3584 illa

187 3628 251 3715 cipe
262 3638 357 3692 morte
369 3623 546 3719 dilatombm
557 3626 680 3691 militnm
691 3628 768 3714 ejus-
821 3628 977 3717 prophetia
1000 3624 1264 3714 compleretur...
1281 3626 1311 3690 iu
1335 3646 1437 3691 omnes
1452 3636 1511 3691 ter-

187 3733 252 3801 dem
275 3732 376 3801 radios
395 3756 467 3802 suos
481 3736 609 3823 prinum
625 3733 766 3826 indulget,
820 3758 869 3803 nas
892 3736 988 3803 exivit
1008 3754 1101 3800 sonna
1123 3752 1240 3811 eorum,
1263 3731 1417 3821 Evangelii
1435 3733 1511 3799 dnn·

187 3846 205 3909 i.
223 3864 247 3910 ο.
272 3864 325 3909 sua
348 3853 505 3933 praecepta
529 3840 696 3912 Christus«
821 3854 908 3911 taxat
928 3854 960 3909 et
978 3840 1229 3932 Apostolorum·

864 3948 986 4017 Euseb.
1007 3947 1127 4015 Olorem.
1151 3946 1200 4013 ud
1220 3944 1325 4015 ultim
1341 3969 1373 4015 a.
1391 3944 1466 4015 Tib.

871 4057 987 4125 »Pilato
1012 4057 1048 4124 de
1063 4055 1302 4124 Christianorum
1319 4054 1456 4145 dogmate
1471 4056 1511 4125 ad

821 4166 975 4235 Tiberium
1001 4163 1146 4232 referente
1175 4163 1315 4231 Tiberius
1342 4166 1444 4233 retulit
1471 4166 1510 4233 ad

820 4287 971 4354 sanctum,
987 4286 1022 4340 nt
1034 4268 1196 4356 (Christus)
1207 4275 1285 4340 inter
1296 4286 1410 4341 caetera
1425 4296 1509 4342 sacra

820 4387 1009 4472 reciperetur.
1033 4380 1144 4447 Verum
1156 4404 1248 4470 quum
1259 4403 1297 4448 ex
1309 4382 1444 4448 consulto
1456 4406 1510 4471 pa-

820 4488 1093 4559 tnrmChristianos
1102 4490 1244 4556 eliminari
1255 4488 1328 4557 mbo
1338 4491 1508 4579 placuisset,

822 4600 961 4666 Tiberius
976 4620 1030 4688 per
1044 4596 1171 4665 edietum
1187 4596 1409 4667 accusatoribus
1422 4598 1509 4667 Chri-

821 4710 985 4775 stianornm
1017 4710 1211 4775 comminatus
1241 4720 1287 4775 cst
1317 4720 1441 4775 mortem
1467 4748 1504 4762 -

822 4814 945 4889 ambit
958 4815 1187 4891 Tertullianus
1199 4816 1235 4888 iat
1244 4811 1502 4910 Apolopeev'eo.«
