3642 5309
614 322 679 371 car.
698 324 741 371 m.
783 320 866 369 mor.
887 278 988 367 reum.⁴
1400 295 1449 369 33

212 473 360 543 Adeamus
385 474 448 561 jam
477 496 542 553 eas,
578 495 655 563 quae
685 474 723 541 66
749 474 863 561 ipsum
885 467 1078 539 Historiam
1105 470 1255 556 pertinent
1281 481 1450 559 tcmpomm

126 584 262 649 rationes.
583 636 585 645 .

213 688 240 757 1.
275 690 324 759 Hx
338 691 385 757 his
401 689 634 759 recentissima
650 699 715 772 esc,
739 712 828 780 quam
842 689 897 757 1111
912 686 1168 777 saeculoPrologi
1190 700 1296 754 auctor
1310 710 1348 753 ex
1364 688 1382 775 ἕ
1397 684 1447 767 16,

124 797 176 865 ubi
199 822 215 864 a
237 798 392 866 Saxonum
415 798 546 866 adventu
570 800 608 867 66
631 799 681 866 lV.
707 820 816 865 annum
838 798 969 865 Meruini
992 795 1057 863 429
1087 799 1156 862 6661
1183 809 1390 875 numerantur,
1420 809 1450 861 et

125 929 162 971 ex
191 907 300 973 calculo
328 907 441 975 librarii
470 904 576 992 (ibid.)
605 911 657 997 qni
687 931 714 974 6.
739 907 804 974 858
833 909 968 995 scripsit,
999 905 1125 972 confecit
1179 905 1322 991 lsigitur
1342 904 1450 970 Nanoii

123 1036 277 1102 personam
311 1019 474 1105 suscipiens
509 1039 540 1082 se
575 1040 601 1083 6.
630 1015 697 1083 858
725 1017 762 1083 A.
772 1014 829 1081 11)
859 1014 989 1081 xxiv-⁰
1018 1014 1147 1079 Memini
1180 1018 1259 1099 ragis
1292 1014 1450 1079 Britonum

124 1126 273 1211 scripsisse
301 1128 450 1191 mentitur.
497 1124 660 1193 Merminus
689 1127 767 1189 enim
794 1124 957 1191 seeundum
984 1123 1114 1189 Annales
1139 1119 1296 1189 Cambriae
1325 1120 1451 1187 decessit

124 1228 189 1297 844
203 1231 266 1298 Α.1.
276 1231 313 1311 D,
336 1232 512 1321 Merwynus
534 1246 634 1299 antem
648 1231 772 1300 Rodrici
792 1232 870 1299 111166
893 1255 922 1299 6.
939 1228 1004 1298 903
1020 1225 1111 1315 (Anu.
1126 1228 1244 1297 Cambr.
1261 1226 1449 1314 continuat).
1583 1318 1587 1327 ι

126 1338 226 1405 Annus
249 1342 341 1429 igitur
362 1338 428 1407 858
451 1343 549 1407 neutri
572 1346 719 1408 convenit.

209 1446 240 1513 2.
277 1446 437 1516 Calculus
461 1450 528 1515 dein
551 1453 603 1539 qui
621 1451 683 1537 jam
707 1447 740 1515 X
762 1445 900 1517 sacculo
923 1449 956 1513 in
979 1446 1089 1515 Codice
1105 1446 1184 1511 Harl.
1208 1458 1279 1535 post
1293 1444 1450 1513 Saxonum

128 1552 317 1644 Genealogias
339 1569 437 1623 exstat
451 1553 482 1644 (ξ
498 1554 554 1639 66)
577 1558 631 1623 666
654 1557 737 1624 deest
759 1561 788 1623 16
804 1558 961 1635 Vaticano,
986 1577 1002 1620 a
1024 1555 1147 1621 librario
1172 1553 1291 1621 additus
1314 1567 1373 1631 est,
1398 1558 1451 1643 qui

128 1665 226 1729 sumsit
248 1686 314 1729 eum
337 1686 376 1731 ex
390 1665 517 1731 Victorii
540 1666 683 1754 Aquitani
704 1666 810 1732 Fastis.
854 1665 898 1731 lbi
922 1663 1061 1730 aMundi
1081 1665 1229 1752 principio
1253 1661 1291 1728 66
1307 1660 1450 1728 Guorthi·

129 1773 238 1859 girnum
261 1769 347 1839 6059
371 1775 454 1851 6661,
479 1772 517 1840 ab
541 1773 600 1839 166.
617 1771 730 1839 Christi
752 1773 790 1840 66
806 1770 963 1840 Saxonum
985 1772 1144 1840 adventum
1166 1769 1234 1838 400
1256 1773 1450 1837 666166666-

129 1892 233 1958 rantur,
259 1879 342 1968 quod
364 1903 382 1946 6
403 1882 524 1971 reliquis
548 1882 666 1947 calculis
688 1881 776 1971 longe
799 1882 951 1948 abhorret.

207 1986 238 2053 3.
274 1985 448 2073 Calculus,
473 1991 524 2079 qui
542 1990 560 2077 ἕ
576 1988 619 2055 55
635 1990 701 2055 LXI
718 1993 749 2053 in
763 1989 883 2055 Patricii
899 1989 984 2055 Actis
1006 1989 1136 2055 occurrit
1151 1986 1189 2053 ab
1204 1986 1449 2053 Hibemiensibos

137 2107 236 2161 sumtus
252 2096 373 2185 reliquis
389 2110 544 2185 repugnat.
573 2096 790 2164 Subducuntnr
805 2100 881 2165 enim
897 2120 915 2163 6
929 2096 1036 2162 Mundi
1051 2098 1196 2185 principio
1212 2094 1251 2161 ad
1266 2096 1449 2184 Baptismum

136 2200 358 2269 Hibernieosinm
382 2208 452 2271 anni
472 2203 568 2271 5330.
603 2207 710 2272 Annus
733 2203 820 2272 5330
844 2218 943 2271 autem
965 2207 1087 2294 quintos
1110 2205 1230 2293 Loigari
1253 2226 1316 2271 csse
1332 2203 1449 2270 dicitur.

208 2310 240 2378 4
278 2309 436 2380 Calculus
460 2313 543 2391 dein,
568 2334 653 2404 quem
671 2314 844 2401 librarius§
863 2311 902 2381 16
923 2337 951 2379 a.
966 2310 1033 2379 858
1054 2312 1170 2379 addidit
1189 2324 1288 2378 exstat
1302 2314 1333 2375 in
1347 2311 1451 2378 codiee

129 2417 215 2499 11661,
237 2420 321 2487 deest
343 2423 371 2486 in
388 2422 543 2488 Vaticano.
587 2422 639 2489 Sic
661 2436 758 2490 autern
780 2426 923 2511 seriptum
947 2434 1007 2489 est:
1037 2420 1107 2486 »Ab
1130 2422 1189 2486 Ine.
1210 2420 1268 2486 Do.
1292 2442 1388 2509 usquo
1411 2419 1449 2486 ad

130 2526 281 2593 Patricium
304 2528 347 2595 23
371 2528 650 2597 decemnovennales
674 2534 748 2621 cycli
771 2530 818 2596 661
841 2532 912 2597 6661
934 2529 1010 2597 431.
1053 2529 1082 2595 A
1103 2528 1233 2594 Patricio
1257 2527 1295 2594 ad
1317 2529 1398 2594 bunc
1419 2530 1452 2594 in

131 2654 185 2721 quo
207 2658 309 2703 666666
332 2636 473 2725 2266611
496 2650 525 2703 et
548 2637 608 2703 duo
632 2642 701 2703 anni
724 2642 754 2702 in
778 2637 924 2725 ogdoade.
949 2641 969 2701 i.
985 2660 1011 2701 6.
1028 2634 1127 2701 4206
1167 2636 1452 2724 Hffieiunturigitnr

128 2747 191 2809 anni
218 2743 283 2810 851
314 2744 465 2824 ve18583
499 2747 551 2833 qui
579 2743 708 2810 calculus
736 2747 830 2833 priori
859 2742 989 2822 calculo,
1020 2745 1073 2832 qni
1093 2742 1223 2808 Patricio
1251 2762 1360 2808 annum
1383 2740 1449 2807 405

126 2850 221 2917 utu
244 2852 365 2931 tribuit,
389 2851 477 2940 plano
499 2865 655 2941 repugnat.

215 2958 492 3046 Computatioues
509 2960 635 3049 denique
649 2958 753 3041 istae,
773 2982 849 3050 quae
864 2960 1013 3025 Historiae
1028 2971 1100 3025 sunt
1113 2962 1291 3048 praemissae
1306 2956 1338 3047 (ἕ
1349 2956 1452 3045 4-7)

125 3068 283 3135 alibrario
314 3068 442 3157 quodam
469 3070 656 3157 praepositas
683 3091 746 3135 esse
769 3067 918 3135 videntur.
964 3067 1033 3134 Non
1060 3069 1157 3134 solum
1186 3072 1263 3134 enim
1291 3068 1400 3135 desunt
1420 3072 1451 3135 in

127 3180 249 3242 vetustis
273 3176 360 3242 codd.
378 3178 469 3265 Vesp.
485 3178 509 3242 B
527 3176 597 3242 etl)
615 3175 711 3241 Vitell.
728 3176 807 3255 Xlll,
833 3174 908 3242 Cod.
926 3176 1030 3254 Paris„
1053 3176 1107 3241 sed
1128 3189 1159 3241 et
1179 3179 1209 3242 in
1225 3180 1290 3265 ipso
1306 3178 1454 3243 Vaticano

124 3283 224 3350 codice
246 3296 318 3373 post
339 3285 419 3363 11166,
444 3286 620 3350 6666666616
640 3283 869 3372 imperatoribus
885 3283 1044 3362 Romanis,
1067 3283 1159 3349 literis
1175 3286 1339 3372 majoribus
1354 3297 1453 3351 exstat

124 3392 226 3457 titulus
263 3392 388 3481 »Incipit
407 3392 534 3459 Istoriat
570 3404 600 3458 et
626 3404 680 3458 cet
715 3391 794 3458 coni.
819 3414 920 3481 supro.
967 3390 1120 3457 Similiter·
1138 3392 1187 3457 alii
1216 3392 1304 3461 6666.
1328 3393 1453 3459 Variant

124 3512 275 3587 praeterea
303 3500 408 3565 6616611
435 3503 466 3565 16
495 3499 583 3566 codd.
611 3498 959 3579 Harleiano·Vaticano;
994 3520 1172 3588 quamquam
1201 3504 1276 3567 enim
1304 3501 1342 3568 ab
1373 3524 1451 3568 anno

124 3604 229 3671 Mundi
255 3606 294 3672 66
316 3607 398 3673 Ρ666.
423 3607 494 3675 Chr.
519 3610 587 3673 anni
611 3606 699 3673 5228
723 3630 786 3673 6666
808 3606 964 3686 dicuntur,
992 3619 1107 3687 tamen,
1136 3612 1161 3673 si
1184 3609 1223 3674 66
1246 3610 1374 3676 calculos
1397 3634 1454 3678 nn·

124 3734 220 3779 meros
235 3718 367 3793 vocaris,
391 3718 421 3780 in
436 3716 517 3781 Harl.
534 3714 637 3795 5459,
661 3720 692 3781 16
709 3716 777 3782 Vat.
795 3714 882 3781 5132
906 3736 1052 3781 annorum
1075 3738 1189 3781 summa
1205 3717 1392 3787 subducitur.
1412 3758 1449 3771 -

126 3819 247 3887 Sumtac
275 3835 346 3887 sont
373 3822 427 3889 bae
456 3836 623 3911 temporum
651 3827 782 3890 rationes
811 3846 849 3890 ex
877 3823 1052 3913 Hieronymi
1079 3823 1244 3907 Cbronieo;
1274 3832 1453 3917 praemissae

125 3941 221 3995 tamen
243 3929 391 3995 Historiae
409 3931 472 4018 jam
494 3954 572 3997 anno
596 3930 670 3999 831.
706 3932 743 3997 el·
769 3953 867 4020 supro.

216 4034 376 4105 Calculos
398 4040 485 4106 istos
508 4059 618 4107 omncs
644 4060 667 4106 6
681 4036 835 4107 librariis
859 4042 1015 4128 odJectos
1034 4039 1144 4126 suebos
1160 4044 1378 4133 manifestum
1391 4055 1452 4113 cst.

125 4146 210 4213 Alina
239 4145 359 4235 quidam
382 4148 512 4235 ejusdem
535 4151 650 4237 generis
673 4161 772 4216 exstat
794 4147 868 4236 §31
895 4146 1044 4235 (xxvut)
1069 4172 1129 4240 quo
1152 4172 1262 4220 666666
1284 4156 1452 4223 aduectus

127 4253 306 4323 Senonum
326 4254 373 4321 his
395 4255 494 4323 verbis
517 4270 655 4323 notatur:
831 4274 833 4281 ·

221 4364 396 4453 »Regnanto
427 4364 593 4433 Gratiano
615 4364 655 4431 11
685 4365 837 4455 anantio
867 4364 1004 4434 Saxones
1033 4389 1051 4433 a
1080 4366 1296 4461 Guorthigirno
1324 4374 1454 4459 suscepti

127 4484 196 4541 sunt
218 4494 296 4539 anno
321 4470 384 4539 347
409 4487 479 4561 post
499 4474 670 4541 Passionem
694 4472 838 4540 Christi«

216 4580 267 4648 Sic
288 4584 319 4647 in
341 4580 428 4648 codd.
445 4582 642 4649 Harl-vatic.
660 4580 801 4649 Similiter
819 4586 850 4649 in
867 4584 934 4649 cod.
951 4582 1076 4651 Cantob.
1094 4585 1177 4654 CC.
1197 4584 1275 4653 183:
1305 4585 1454 4672 »Quando

128 4688 288 4758 Gratianus
315 4688 373 4756 luit
401 4691 505 4757 consul
534 4691 664 4757 secundo
689 4702 720 4757 et
741 4691 899 4780 Aequitius
924 4706 1030 4782 quarto
1054 4707 1126 4760 tuno
1147 4694 1194 4759 bis
1218 4714 1294 4761 coss.
1318 4692 1457 4763 Saxones

131 4800 369 4891 aWyrtgeomo
392 4800 424 4867 in
445 4798 598 4869 Britannia
620 4802 751 4887 suseepti
774 4813 845 4868 sunt
867 4824 893 4869 6.
912 4798 977 4870 349
999 4800 1126 4869 A.P.D.

1190 4904 1208 4963 3
