3642 5309
355 286 406 368 26
891 315 958 371 cer.
976 316 1008 365 n.
1045 316 1140 371 utre.

353 467 567 546 testimonium,
599 468 651 556 qni
678 464 781 535 eodem
810 464 870 535 iere
892 480 1025 561 tempore
1047 464 1139 555 (483)
1160 472 1193 538 iu
1213 468 1271 559 up.
1287 468 1364 550 vu,
1387 467 1428 540 15
1451 469 1601 539 brianum
1624 492 1678 541 ex·
1793 554 1796 572 Ι

352 572 432 643 tollit
459 573 566 664 »Lupo
588 596 689 663 parem
706 573 913 665 Germanoque
934 597 997 647 uon
1017 579 1194 666 imperemus
1230 575 1310 647 Noa
1331 588 1454 650 mmere
1475 578 1582 667 lpum
1595 601 1676 650 eore-

353 681 529 765 cleedimtte,
550 683 649 769 fietus
671 703 745 752 eree
768 681 936 769 epistolas
957 694 993 753 et
1009 686 1273 774 praefationem.
1321 685 1364 753 Si
1384 707 1465 755 vero
1487 688 1540 755 ite
1560 708 1600 757 ee
1619 708 1677 757 res

351 789 467 873 babet,
489 810 596 880 meque
618 790 662 859 de
684 788 766 861 libri
787 802 927 861 coetero
945 795 1034 861 certi
1047 793 1233 883 quidquam
1247 795 1384 877 eomas,
1406 796 1466 884 qui
1477 794 1534 863 IX
1545 796 1679 866 mecm

320 984 323 991 ¹
353 898 489 971 tumeler
504 899 693 969 celeberrimo
708 903 758 969 isti
769 899 865 990 Lngd.
877 900 1054 992 presbytero
1069 916 1115 973 est
1128 902 1306 992 adscriptus,
1321 924 1394 973 num
1407 917 1504 984 numa
1518 909 1678 979 nescimus.

443 1004 523 1079 Viro
553 1010 632 1096 ipso
658 1029 741 1077 vero
769 1008 913 1097 untiqtm
940 1020 1003 1079 eet.
1054 1011 1230 1101 Quanquam
1259 1014 1336 1079 enim
1365 1011 1502 1103 Gregorii
1528 1015 1572 1082 ll
1602 1015 1680 1089 illud

353 1116 442 1203 (Mor.
458 1118 500 1185 Vl
524 1116 563 1185 ed
585 1116 654 1185 lob.
671 1114 728 1202 36)
763 1138 851 1183 »ecee
878 1118 982 1207 lingua
1009 1119 1195 1198 Brittnuiea,
1226 1142 1302 1210 quae
1328 1120 1403 1189 nibil
1430 1120 1513 1190 uliud
1539 1136 1678 1204 noverat,

353 1248 440 1317 quam
462 1223 623 1293 barbarum
645 1223 795 1304 frendere,
818 1226 881 1312 jam
905 1225 1018 1294 dudum
1040 1230 1071 1296 io
1094 1227 1203 1295 divinis
1225 1227 1365 1297 laudibus
1386 1228 1556 1302 Hebraeum
1577 1234 1681 1320 coepit

351 1334 517 1420 llallelnjah
537 1354 697 1401 resonaret
723 1372 760 1389 -
777 1332 816 1403 ad
831 1332 987 1403 Saxonum
1008 1339 1112 1425 potius
1127 1339 1364 1415 couversionem,
1387 1358 1478 1426 qum
1491 1338 1530 1405 ad
1543 1360 1681 1428 pugnam

351 1444 445 1521 illem,
468 1464 545 1532 quae
564 1441 752 1529 Auuujoiee
773 1455 908 1522 vocetur,
936 1443 1027 1511 luerit
1047 1444 1249 1522 rosemundam,
1271 1457 1369 1513 umen
1392 1444 1554 1535 Gregorius
1576 1447 1680 1517 Turu-

351 1554 450 1619 nensis
478 1550 516 1617 de
543 1550 692 1616 miraculis
715 1547 749 1617 S.
770 1548 881 1615 lulloni
910 1573 935 1618 c.
958 1550 1001 1619 29
1030 1552 1129 1619 locum
1158 1551 1305 1641 quendam
1326 1576 1366 1619 ex
1386 1553 1458 1619 vira
1476 1555 1506 1633 l,
1529 1555 1597 1633 Vll,
1619 1555 1679 1635 58,

351 1672 473 1729 auctore
495 1680 556 1728 non
577 1656 714 1737 laudato,
737 1660 940 1747 transcripsit:
961 1658 1113 1730 Eorum
1132 1660 1240 1749 igitur
1255 1660 1327 1727 Vita
1347 1660 1398 1730 illa
1419 1674 1489 1729 onte
1503 1661 1545 1729 Vl
1564 1665 1680 1730 meculi

350 1769 447 1839 linem.
481 1765 531 1835 Ex
552 1788 644 1855 supra
666 1765 753 1833 (lictis
775 1778 873 1835 autem
896 1768 1005 1847 elucet,
1029 1782 1097 1837 ante
1119 1768 1251 1856 ejusdem
1267 1768 1377 1837 eaemli
1390 1770 1506 1837 initium
1520 1769 1600 1835 illum
1613 1792 1680 1850 non

350 1875 442 1943 luisse
473 1878 623 1964 seriptum.
674 1872 831 1943 Accedunt
861 1875 920 1941 alia
953 1874 1099 1965 quaedam
1124 1875 1235 1951 iudicia
1261 1898 1339 1965 quae
1365 1880 1477 1965 prosim
1503 1892 1678 1947 emmona

349 1984 382 2051 ln
408 1983 507 2053 libello
537 1986 614 2051 euim
641 1980 677 2049 dc
698 1982 868 2051 Mamertini
891 1985 1086 2053 conversione
1108 1984 1195 2051 Vitae
1216 1987 1329 2053 inserto
1350 1984 1545 2059 Mamertinus
1566 1988 1680 2076 vigiliis

350 2090 533 2163 celebrandis
561 2090 664 2161 adesse
692 2104 723 2159 et
746 2091 937 2181 Antipbouas
964 2091 1109 2183 quasdam
1134 2091 1238 2163 rodim
1265 2093 1324 2160 eibi
1350 2093 1479 2165 videtur.
1522 2094 1590 2161 llles
1617 2095 1678 2163 sub

349 2202 438 2271 tuem
459 2200 489 2269 V
508 2199 617 2267 saeculi
639 2202 670 2267 lu
694 2197 817 2269 Galliam
839 2222 903 2268 esse
925 2199 1061 2269 inductos
1084 2222 1124 2269 ex
1146 2198 1313 2270 Gollutioue
1335 2205 1544 2290 episcoporum
1564 2224 1593 2269 e.
1608 2200 1679 2274 499

351 2308 540 2379 concluditur
561 2305 610 2391 (cf.
626 2306 770 2373 Mebillon
792 2305 932 2398 liturg).
966 2307 1097 2376 Libellus
1120 2311 1214 2399 igitur
1234 2311 1290 2376 iste
1311 2312 1366 2375 vix
1387 2322 1456 2377 ante
1477 2311 1536 2377 hoc
1557 2323 1678 2400 tempus

351 2421 480 2507 scriptus
509 2427 568 2493 est,
596 2414 649 2483 sed
677 2414 755 2481 iorte
782 2418 868 2483 initio
891 2416 932 2485 VI
952 2416 1077 2494 saeculi,
1108 2430 1179 2505 post
1206 2417 1287 2485 buno
1311 2430 1410 2485 autem
1431 2416 1504 2485 Vita
1526 2416 1673 2491 Germani.

349 2526 447 2595 lllulta
474 2526 505 2593 in
533 2522 636 2593 codem
663 2524 778 2601 inveni,
806 2545 883 2612 quae
909 2527 1008 2613 magui
1031 2523 1142 2591 fuerim
1160 2527 1302 2592 momenti
1325 2524 1364 2591 ad
1385 2525 1577 2594 illustrandos
1598 2530 1676 2596 anti·

349 2636 509 2724 φιίεείωοε
524 2630 691 2701 Gallicanae
713 2630 852 2701 eeclesiae
866 2634 959 2709 ritus,
982 2653 1076 2722 quae,
1098 2654 1189 2722 mum
1204 2632 1299 2701 aliena
1313 2637 1374 2701 siut
1386 2656 1405 2699 a
1419 2633 1544 2703 consilio
1557 2648 1677 2717 nostro,

349 2744 465 2811 omitto.
513 2739 651 2809 Germani
677 2761 710 2807 se
735 2740 923 2828 temporibus
944 2741 1039 2808 multo
1061 2744 1255 2809 recentiorem
1277 2764 1343 2809 esse
1363 2742 1411 2809 bis
1433 2762 1554 2832 quoque
1574 2744 1680 2811 verbis

349 2864 455 2918 auctor
473 2850 559 2917 Vitae
588 2848 701 2915 indicet
727 2868 846 2935 »usque
867 2852 898 2915 in
919 2848 1097 2917 hodiernum
1120 2848 1198 2915 diem
1220 2852 1366 2928 oratoria,
1395 2850 1516 2921 cuuto
1538 2864 1569 2919 et
1589 2854 1681 2943 signa

349 2960 445 3025 crucis
472 2957 547 3025 elata
575 2954 704 3043 fulgent,
735 2976 916 3044 quoeunque
936 2956 1089 3043 prefectus
1111 2968 1189 3026 eet«
1240 2955 1321 3023 Haec
1343 2959 1442 3023 omnia
1462 2960 1489 3025 si
1509 2960 1681 3048 perpende

348 3068 455 3144 umus,
484 3061 594 3133 Vitam
613 3060 776 3131 Gemens·
795 3063 931 3131 imaeue
950 3060 1009 3130 cel
1022 3062 1144 3149 postas
1165 3062 1274 3137 medio
1292 3059 1344 3136 VI
1352 3063 1492 3133 soeculo
1508 3068 1681 3155 scripture

345 3172 459 3261 suites
479 3168 758 3241 committam
779 3164 858 3237 erit.

436 3279 528 3349 Liber
548 3281 612 3369 ipse
633 3292 681 3345 tot
700 3290 821 3368 tamque
842 3277 982 3347 absurdis
1004 3291 1035 3347 et
1056 3280 1184 3350 iniibus
1201 3279 1312 3350 iobulie
1324 3279 1451 3349 reiectus
1466 3296 1526 3364 est,
1549 3294 1586 3351 ut
1601 3286 1680 3357 Ger·

347 3392 425 3457 mani
441 3390 503 3457 vita
523 3386 757 3476 nou'descripta
778 3384 832 3457 sed
854 3408 943 3479 quom
958 3389 1086 3456 mammo
1101 3402 1262 3468 exornata,
1285 3404 1479 3479 exaggerate,
1501 3392 1679 3464 fladonibus

347 3498 509 3567 obscurata
530 3518 594 3563 cese
618 3508 769 3585 appareat
804 3495 866 3564 Vix
888 3496 967 3566 ullus
987 3496 1079 3563 luerit
1098 3496 1207 3575 honor,
1232 3499 1304 3585 quin
1326 3511 1432 3567 auctor
1447 3501 1479 3565 in
1494 3498 1679 3571 Germanum

347 3605 558 3675 conserendum
579 3606 702 3692 putarit.
743 3604 772 3671 le
794 3626 861 3671 eum
882 3603 973 3674 modo
994 3606 1077 3691 pacis
1098 3618 1266 3683 auctorem,
1288 3605 1379 3673 modo
1401 3606 1507 3675 ducem
1526 3609 1600 3676 belli
1623 3636 1679 3681 ex-

347 3716 473 3793 stitisse,
491 3715 556 3800 jam
578 3710 808 3781 iuBritanniam
829 3712 982 3800 trajecisse
1005 3711 1044 3778 ad
1066 3712 1200 3780 haeresin
1222 3714 1459 3803 exstirpandam,
1477 3717 1680 3804 jomlleven.

345 3844 415 3891 nam
436 3820 619 3909 proiectum,
644 3833 678 3887 ut
691 3820 864 3889 Armoricae
885 3834 1021 3909 parceret
1042 3820 1081 3889 ab
1096 3822 1187 3889 A'e'tio
1201 3824 1373 3910 impetrasse
1386 3823 1484 3891 refert
1519 3823 1678 3897 Summam

347 3932 411 4017 ejus
433 3929 525 3997 fuisse
553 3932 773 4009 auctoritatem,
803 3930 945 3997 muscula
972 3928 1207 3998 innumerabilia.
1253 3929 1333 4015 Quid
1360 3932 1444 4022 quod
1468 3954 1536 4001 eum
1557 3934 1678 4007 Romae

346 4041 377 4105 iu
405 4036 542 4106 morbum
569 4037 754 4126 implicitum
778 4039 844 4126 ipsa
865 4036 1013 4115 Placidia,
1042 4038 1229 4127 imperatoris
1256 4051 1352 4107 mater
1378 4040 1514 4131 deposita
1535 4066 1677 4136 purpura

347 4167 466 4215 curasse
489 4144 607 4215 dieitur.

436 4252 519 4323 Telis
541 4266 587 4323 est
613 4255 671 4323 ista
693 4252 778 4333 Vita,
808 4276 868 4345 qua
889 4253 970 4333 sola,
999 4274 1076 4343 quae
1099 4252 1263 4322 Germanus
1284 4258 1317 4324 iu
1338 4257 1491 4329 Britanma
1512 4268 1674 4354 peregerit,

344 4362 456 4431 uuum
477 4372 557 4431 sunt.
604 4361 687 4447 Quae
710 4362 782 4431 fides
805 4364 832 4429 ei
855 4361 992 4431 habenda
1013 4366 1067 4443 sit,
1091 4366 1157 4452 quis
1180 4384 1242 4431 nou
1263 4364 1365 4436 videt?
1393 4368 1558 4459 Diligenter
1576 4374 1675 4463 igitur

346 4472 404 4539 alia
425 4482 497 4539 suut
517 4472 687 4539 testimonia
708 4469 979 4560 circumspicienda

433 4578 598 4647 Maximum
619 4593 666 4647 est
687 4575 778 4649 titud
798 4578 967 4667 Prospm‘
987 4578 1027 4647 at
1048 4602 1076 4649 a.
1091 4578 1168 4651 429.

442 4686 614 4755 »Florentio
642 4699 673 4754 et
699 4687 845 4777 Dionysio
874 4710 952 4756 cose.
974 4690 1115 4777 Agricola
1142 4689 1318 4781 Pelagianos
1342 4692 1495 4762 Severiani
1517 4696 1672 4789 Pelagiani

348 4796 480 4891 episcopi
506 4795 584 4868 filine
607 4796 743 4871 ecelesias
766 4798 937 4871 Britanniae
959 4793 1143 4888 (Basteruiae
1165 4799 1213 4871 ed.
1235 4801 1304 4875 Bne.
1330 4800 1428 4893 1535)
1451 4803 1672 4900 dogmatisant
