3642 5309
693 297 759 348 osa.
778 296 807 355 n
836 293 956 345 amnas.
1460 266 1481 343 6

11 495 33 509 ἡ
160 460 253 527 retur,
276 446 357 515 huno
377 446 581 515 reconciliasso
595 466 662 513 etna
678 445 843 513 Melcurmo
858 469 946 535 rege3
969 465 1090 533 mmque
1106 442 1145 511 ol)
1159 466 1278 511 causam
1292 444 1385 509 multa
1397 464 1483 533 reges

5 592 31 631 :·.
164 554 333 623 Glastoniae
357 555 495 621 eeclesiae
517 557 666 621 territoria
690 553 824 621 donasse.
861 553 993 620 Tandem
1011 550 1125 619 Gildam
1149 564 1298 619 mortuum
1316 552 1483 619 Glastoniae

164 676 194 731 et
214 666 244 729 iu
267 662 457 731 ecclesiast
481 660 591 729 Mariae
615 685 678 729 osse
700 664 882 752 sepultum.‘
926 663 1005 729 Haec
1028 660 1087 727 sere
1109 661 1166 727 ille.

249 772 338 839 Tales
368 770 486 861 quiden
514 769 630 838 fabulas
656 792 711 837 uos
733 771 879 837 hocloco
902 792 964 837 non
986 769 1070 835 facile
1091 771 1244 857 repetituri
1267 790 1397 845 eramus,
1427 769 1485 833 nisi

11 919 28 956 2.
161 878 348 947 doctissimos
370 882 452 945 viros
475 877 663 957 induxerint,
695 876 771 945 duos
793 892 924 947 statuere
948 877 1058 945 Gildas.
1106 876 1188 963 Quae
1211 876 1300 943 hodie
1322 880 1484 945 communis

10 1028 25 1065 ς
159 986 220 1053 lere
248 991 378 1057 omnium
406 990 551 1053 sententia
577 986 741 1054 levioribus
770 986 891 1055 fulcitur
913 987 1102 1073 argumentis.
1149 984 1312 1051 Maximum
1333 997 1380 1051 est
1401 984 1483 1061 illud,

162 1094 245 1183 quod
260 1094 430 1161 Guilielmus
445 1094 545 1160 lllalm.
563 1092 680 1160 Gildam
703 1093 813 1161 obiisse
828 1094 937 1161 reserat
959 1118 986 1160 a.
1003 1090 1078 1171 512,
1103 1092 1236 1158 obsessio
1253 1115 1323 1159 vero
1341 1092 1483 1158 Badoniei

163 1206 271 1267 montis
298 1203 375 1269 sacta
401 1204 440 1268 sit
469 1226 496 1269 a.
518 1200 598 1280 520,
630 1224 691 1291 quo
722 1226 798 1269 anno
827 1226 859 1269 se
880 1215 982 1269 natum
1006 1223 1069 1267 esse
1093 1199 1193 1266 Gildas
1216 1204 1279 1288 ipse
1301 1200 1483 1265 testificatur.

160 1308 237 1376 Hinc
257 1332 319 1375 non
341 1311 437 1376 solum
451 1310 576 1377 Balaeus
597 1309 652 1375 sed
674 1311 761 1379 etiam
778 1311 931 1389 Usserius,
955 1311 1041 1396 cujus
1063 1311 1191 1375 maxima
1214 1320 1259 1375 est
1273 1311 1301 1372 in
1318 1306 1486 1397 indaganda

160 1420 335 1507 antiquitate
363 1420 525 1505 auctoritas
554 1418 712 1497 conclusit,
743 1420 834 1485 alium
862 1441 926 1485 esse
955 1416 1071 1485 Gildam
1096 1416 1272 1495 Albaniam,
1302 1415 1485 1482 Badonicum

158 1526 257 1592 alium.
297 1525 386 1611 Quod
408 1526 474 1591 luce
497 1526 605 1591 clarius
629 1540 707 1592 esset
729 1528 755 1591 si
777 1540 836 1593 tam
862 1526 898 1592 de
922 1546 999 1592 anuo
1024 1524 1204 1591 obsessionis
1227 1525 1320 1603 illius,
1344 1546 1432 1613 quam
1448 1523 1485 1589 de

159 1632 265 1699 Gildae
295 1646 390 1699 aetate
417 1636 494 1699 inter
522 1655 623 1701 omnes
652 1633 739 1700 medii
768 1638 835 1701 aevi
864 1637 1024 1722 scriptores
1052 1646 1210 1699 constaret.
1256 1632 1336 1698 Beda
1367 1631 1486 1723 quidem

161 1739 264 1809 Gildae
290 1742 388 1807 locum
415 1762 571 1829 perperam
598 1744 812 1830 interpretatus
834 1742 1018 1809 Budenicum
1046 1753 1175 1807 montem
1205 1739 1359 1807 obsessum
1383 1762 1445 1806 esse
1467 1764 1485 1805 a

158 1845 224 1913 493
254 1851 387 1937 putavit,
417 1849 523 1937 reliqui
552 1849 695 1915 calculum
724 1872 786 1916 non
817 1848 1035 1917 subduxerunt.
1082 1849 1213 1915 Annales
1236 1847 1390 1914 Cambriae
1413 1870 1485 1914 vero

158 1955 191 2019 id
213 1979 240 2021 a.
262 1953 345 2035 516,
368 1956 537 2023 Matthaeus
553 1956 720 2023 Westmon.
746 1982 773 2024 a.
796 1956 861 2023 520
883 1958 995 2024 factum
1017 1955 1158 2022 referunt.
1197 1955 1299 2045 Neque
1322 1954 1359 2020 de
1383 1953 1486 2021 Gildae

160 2076 256 2129 aetate
283 2065 355 2129 certi
382 2063 545 2153 quidquam
573 2064 697 2131 tradunt
724 2067 773 2131 isti
803 2068 972 2155 scriptores.
1019 2064 1085 2129 Hoc
1108 2086 1200 2128 unum
1224 2086 1261 2129 ex
1284 2064 1357 2129 loeis
1380 2086 1485 2150 supra·

162 2169 247 2235 dietis
269 2183 298 2236 et
312 2171 389 2236 Vitis
412 2170 510 2260 colligi
533 2173 616 2250 lieet,
642 2172 758 2238 Gildam
782 2195 832 2238 eos
855 2174 981 2239 Arthuri
1006 2172 1157 2261 aequalem
1179 2171 1327 2237 habuisse.
1365 2170 1485 2237 Guiliel-

159 2300 225 2343 mus
248 2300 325 2343 nnus
342 2276 458 2345 Gildam
480 2302 507 2345 a.
525 2278 604 2359 512,
629 2280 794 2347 Arthuruna
818 2304 843 2348 a.
862 2278 927 2346 542
951 2280 1110 2346 decessisse
1133 2278 1231 2345 refert.
1270 2278 1485 2344 Stolidissimae

157 2407 229 2451 vero
258 2384 377 2452 fabulae
403 2386 511 2476 aliique
535 2390 586 2476 qui
609 2389 640 2453 iu
661 2388 738 2454 libro
763 2392 826 2475 ejus
850 2401 970 2455 exstant
992 2388 1110 2466 calculi,
1143 2410 1248 2475 parurn
1270 2390 1332 2475 apti
1355 2386 1486 2453 suntad

156 2492 246 2558 iidem
273 2491 444 2561 faciendam.
489 2494 569 2561 ldem
598 2498 673 2561 enim
697 2496 840 2563 Davidem
871 2501 960 2586 episc.
985 2509 1135 2563 mortuum
1166 2517 1229 2562 esse
1251 2493 1341 2561 refert
1363 2518 1389 2561 a.
1408 2492 1484 2572 546,

156 2601 287 2665 Annales
311 2598 466 2669 Cambriae
488 2625 559 2669 vero
584 2626 610 2669 a.
631 2601 705 2670 601.
746 2604 864 2689 Quanta
885 2628 957 2671 vero
982 2618 1149 2693 temporum
1171 2627 1206 2670 ae
1228 2626 1326 2672 rerum
1349 2603 1484 2669 conlusio

156 2721 270 2797 quanta
291 2708 457 2775 fabularum
479 2710 559 2773 fictio
582 2710 636 2773 Xll
658 2712 776 2774 saeculo
800 2711 904 2787 suerit,
933 2732 1019 2775 nemo
1043 2716 1145 2776 nescit.
1191 2709 1371 2775 incertitudo
1395 2714 1486 2799 igitur

156 2828 323 2905 temporum
347 2839 435 2884 causa
459 2826 602 2893 nonest,
627 2836 680 2881 eur
704 2814 763 2879 duo
788 2829 958 2882 statuantur
977 2816 1088 2882 Gildae.
1124 2814 1185 2882 Sed
1208 2815 1289 2904 quod
1311 2815 1405 2904 pluris
1429 2832 1483 2893 est,

158 2923 244 2989 silent
267 2927 366 2989 omnia
388 2936 448 2989 mm
470 2933 590 2988 vetusta
613 2944 701 3012 quam
724 2922 813 2989 medii
836 2928 900 2989 aevi
925 2937 1114 2990 monumenta
1138 2924 1174 2989 de
1197 2923 1289 2989 altero
1308 2923 1409 3003 Gilda3
1434 2927 1486 3012 qui

163 3034 187 3097 si
209 3032 272 3097 talis
297 3053 331 3097 ac
354 3043 455 3097 tantus
476 3034 523 3096 vir
540 3034 717 3109 exstitisset,
741 3031 822 3120 apud
840 3032 973 3110 Gildam‚
996 3032 1122 3111 Bedam,
1145 3031 1274 3097 Annales
1291 3030 1485 3099 Cambrenses

158 3160 192 3203 ac
220 3161 345 3227 prorsus
375 3160 474 3203 omnes
503 3142 663 3227 scriptores
691 3140 801 3205 nullam
830 3143 950 3207 omnino
981 3143 1045 3227 ejus
1073 3143 1250 3205 mentionem
1276 3139 1356 3217 fieri,
1386 3142 1486 3205 mirari

157 3250 229 3312 satis
257 3269 319 3312 nou
341 3268 504 3334 possemus.
550 3244 755 3331 Reja'oienda
777 3256 829 3313 ost
850 3247 957 3335 a'pc'tur
979 3248 1068 3329 ista,
1099 3246 1184 3314 duos
1210 3246 1321 3333 fuisse
1348 3244 1484 3328 Gildas,

158 3356 376 3441 conjecmra,
404 3374 479 3442 quae
506 3365 542 3417 ut
570 3354 643 3419 aliae
669 3355 896 3421 innumerabiles
921 3356 1109 3440 conjecturae
1132 3367 1162 3421 et
1183 3354 1301 3421 fabulae
1324 3377 1363 3421 ex
1385 3356 1483 3420 Balaei

155 3474 186 3527 et
200 3461 285 3527 Pitsii
308 3461 425 3528 officina
446 3460 572 3548 prodiit,
597 3463 648 3551 qui
672 3483 763 3549 quum
785 3484 924 3551 respuere
947 3464 1146 3552 repugnantia
1167 3463 1293 3541 nollent,
1316 3465 1393 3529 inter
1408 3463 1482 3531 duas

156 3592 192 3635 ea
213 3591 356 3657 personas
380 3568 604 3635 distribuerunt

251 3674 346 3745 Unus
369 3697 470 3765 erpo,
498 3675 541 3741 de
565 3696 633 3763 quo
656 3678 772 3765 copitar
798 3676 922 3744 Gildas
943 3678 1035 3765 suit,
1067 3677 1103 3743 de
1125 3700 1185 3767 quo
1209 3680 1369 3745 certissima
1394 3700 1483 3769 quae·

154 3784 226 3851 dam
248 3807 416 3875 quanquam
439 3786 615 3873 paucissima
638 3808 729 3875 quum
753 3810 791 3855 ex
814 3789 943 3875 antiquis
967 3788 1143 3853 testimoniis
1166 3800 1230 3851 turn
1248 3790 1395 3873 exipsius
1411 3791 1483 3852 scri·

154 3896 216 3981 ptis
240 3896 380 3981 cognosci
402 3893 477 3959 licet.
524 3892 603 3959 Haec
627 3896 702 3959 enim
726 3897 789 3981 ipse
812 3893 868 3959 sub
892 3895 981 3961 finem
1004 3896 1152 3961 Historiae
1175 3893 1247 3959 dicit
1269 3888 1300 3979 (ᾗ
1323 3892 1378 3978 26)
1414 3895 1483 3961 »Ex

155 4024 194 4066 eo
217 4013 348 4091 tempore
377 4022 454 4067 nunc
481 4002 559 4067 cives
582 4022 660 4067 nune
684 4002 785 4068 hostes
808 4002 969 4067 vincebant
1069 4024 1163 4093 usque
1187 4000 1225 4067 ad
1248 4024 1357 4067 annum
1380 4002 1482 4067 obses-

154 4112 249 4175 sionis
273 4108 415 4175 Badonici
444 4112 551 4175 montis
676 4113 786 4199 quique
817 4108 1063 4199 quadragesimus
1090 4123 1214 4200 quartus
1236 4124 1271 4176 ut
1293 4111 1365 4175 novi
1388 4112 1483 4177 oritur

154 4238 251 4283 annus
274 4238 373 4283 mense
390 4218 452 4303 jam
474 4219 571 4304 primo
595 4239 727 4295 emenso,
752 4220 802 4307 qui
821 4220 883 4303 jam
899 4232 929 4283 et
944 4242 1026 4285 meae
1041 4215 1204 4287 nativitatis
1220 4232 1295 4285 est«
1338 4218 1394 4283 llic
1408 4240 1480 4282 vero

155 4346 252 4395 annus
281 4346 372 4415 quum
402 4324 563 4391 secundum
585 4325 713 4392 Annales
742 4324 951 4393 Cambrian
980 4329 1098 4394 saeculo
1128 4329 1256 4415 scriptos
1280 4320 1370 4406 (conl.
1393 4322 1480 4408 infra)

153 4432 264 4499 LXXII
289 4436 351 4499 sive
374 4431 439 4499 516
462 4446 580 4500 nostrae
603 4457 687 4501 aerae
710 4437 748 4499 sit
771 4430 848 4513 (520
870 4434 980 4501 Matth.
997 4432 1179 4519 Westmon.)
1201 4447 1289 4500 natus
1312 4446 1358 4498 est
1380 4432 1480 4499 Gildas

154 4566 182 4609 a.
201 4538 276 4621 516,
295 4540 456 4609 Historiam
471 4555 570 4609 autem
585 4544 754 4631 composuit
767 4564 794 4607 a.
811 4540 876 4607 560
893 4539 993 4624 (564).
1022 4544 1186 4631 Epistolam
1200 4564 1272 4609 vero
1289 4553 1356 4607 ante
1372 4561 1480 4606 annum

155 4646 224 4717 547
240 4652 392 4739 scripsisse
407 4650 533 4731 videtur,
558 4650 703 4741 siquidem
725 4648 801 4716 idem
825 4663 869 4715 est
883 4650 1067 4730 Modonnos,
1092 4674 1180 4742 quem
1202 4652 1232 4716 in
1248 4650 1380 4739 Epistola
1396 4651 1481 4741 quasi¹

154 4771 340 4849 praesentem
367 4760 499 4849 increpat
525 4782 592 4827 curn
620 4759 785 4839 lllailcuno,
822 4779 907 4847 quern
936 4781 962 4825 a.
987 4757 1050 4826 547
1082 4774 1233 4827 mortuum
1260 4780 1323 4825 esse
1351 4759 1479 4825 Annales

1216 4862 1252 4919 1.
