3642 5309
361 290 385 362 8
890 312 958 362 044.
976 314 997 363 4.
1032 313 1152 363 cunas.

450 460 649 531 Ammianus
677 460 905 531 Marcellinus
941 467 1075 555 quidem,
1113 469 1165 558 qui
1193 489 1219 534 c.
1255 490 1283 535 a.
1305 464 1372 535 400
1401 468 1520 546 floruit,
1554 471 1586 534 in
1613 468 1691 537 libro

362 573 471 651 XXIV,
491 573 514 639 4
537 574 641 651 refert,
666 573 873 640 Valentiniano
896 575 1075 662 imperatore
1098 590 1129 643 et
1142 575 1266 642 Valente
1289 590 1418 666 augusto
1440 572 1507 666 (qui
1528 576 1690 643 seeundum

364 682 508 749 Gronovii
539 683 680 748 calculum
708 684 739 746 in
766 684 922 770 imperium
949 683 1081 749 adscitus
1108 681 1166 750 init
1191 706 1218 750 a.
1236 681 1314 765 364)
1350 684 1472 750 »Pictos
1495 665 1691 777 thonmque

364 803 452 878 atque
475 789 596 856 Scottos
619 804 649 857 et
670 790 828 857 Attacotos
852 788 1022 858 Britannias
1046 795 1193 858 aerumnis
1216 795 1371 859 vexavisse
1394 795 1574 859 continuis·

451 896 607 985 Prosper
630 895 723 985 Tyro
746 897 785 965 ad
808 919 834 965 4.
851 897 918 967 382
948 900 1154 967 »Incursantes
1177 902 1220 967 ait
1241 901 1341 968 Pictos
1364 914 1394 968 et
1415 901 1524 969 Scotos
1539 902 1690 970 Maximus

364 1019 482 1072 strenue
505 1009 689 1094 superavit.¹

456 1111 619 1181 Claudius
643 1109 854 1181 Claudianus
885 1116 937 1203 qui
968 1136 993 1180 c.
1016 1137 1043 1181 4.
1062 1114 1129 1182 400
1148 1118 1259 1203 viguit,
1289 1115 1481 1184 Stilichonem
1504 1115 1597 1184 tradit
1616 1116 1690 1184 Sco·

367 1236 414 1287 tos
436 1222 597 1310 Pictosque
618 1222 762 1311 repulisse
786 1217 836 1305 (ef.
861 1219 897 1287 de
919 1222 964 1289 lll.
989 1221 1080 1289 (lons.
1103 1224 1181 1290 Hon.
1205 1247 1233 1291 a.
1251 1222 1333 1305 3963
1363 1225 1402 1290 40
1422 1225 1472 1291 lV.
1498 1224 1588 1293 Cons.
1612 1227 1688 1291 lion.

365 1352 392 1395 4.
410 1328 498 1417 398.)
513 1331 587 1397 Dein
604 1334 634 1395 io
651 1330 749 1396 libello
767 1328 839 1395 del.
857 1327 948 1396 Cons.
963 1328 1078 1398 Stilich.
1096 1355 1122 1399 a.
1135 1330 1212 1398 400.
1228 1333 1408 1398 Britanniam
1424 1333 1592 1422 loquentem
1607 1332 1690 1399 iacit:

583 1438 653 1504 »Me
677 1460 797 1528 quoque
819 1439 924 1503 vicinis
946 1453 1118 1525 pereuntem
1141 1440 1296 1529 gentibus,
1319 1442 1432 1529 inquit,

576 1547 707 1613 Munivit
728 1545 875 1613 Stilichon
898 1558 993 1611 totam
1016 1569 1107 1636 quum
1131 1546 1241 1614 Scotus
1262 1547 1371 1614 lernen

576 1654 674 1719 Movit
696 1667 726 1720 et
747 1653 853 1719 inlesta
876 1657 1027 1741 spumavit
1047 1658 1157 1745 remige
1180 1656 1305 1747 Tethys.

576 1761 655 1827 lilius
679 1761 813 1827 effectum
837 1764 916 1827 euris
938 1784 976 1827 ne
998 1763 1057 1828 tela
1080 1767 1211 1829 timerem

578 1868 697 1936 Scotiea
719 1892 774 1934 nec
795 1868 912 1935 Pictum
935 1883 1087 1935 tremerem
1109 1885 1139 1937 et
1154 1884 1232 1939 cet«

453 1976 646 2063 Procopius
669 1978 736 2044 dein
755 1977 792 2043 44
808 2001 835 2043 4.
851 1976 927 2043 407.
950 1982 1154 2065 Βρεττανιαν
1166 2002 1277 2065 μεντοι
1290 1976 1441 2065 ‘Pupmm
1455 1976 1692 2047 4400400004

367 2080 472 2151 ciuem
494 2083 589 2165 ἔσχον
611 2082 687 2149 att’
703 2080 786 2151 odom
807 2082 871 2151 ino
893 2106 1072 2174 sucaranae
1093 2083 1153 2154 ἄπ’
1169 2084 1270 2154 adron
1291 2087 1412 2173 ipsvm.

453 2193 579 2259 Romani
609 2196 701 2283 igitur
728 2192 765 2260 ab
794 2193 933 2260 hostibus
960 2194 1094 2284 undique
1117 2200 1310 2265 circumventi
1332 2198 1514 2264 Britanniam
1537 2196 1691 2264 delendam

366 2302 492 2391 amplius
516 2324 575 2367 non
599 2314 745 2388 poterant.
791 2301 876 2369 Unde
899 2302 1009 2368 lactum
1032 2316 1090 2383 est,
1115 2317 1150 2371 ut
1171 2329 1198 2373 n.
1215 2304 1280 2372 407
1304 2308 1401 2394 primo
1424 2307 1542 2373 Marcus
1564 2319 1595 2373 et
1617 2306 1690 2373 Gra-

366 2414 481 2488 tianus,
506 2410 575 2475 dein
598 2408 811 2476 Constantinus
834 2412 1028 2500 imperatores
1051 2435 1068 2477 4
1091 2413 1234 2480 militibus
1257 2414 1436 2502 eligerentur
1459 2409 1548 2496 (conl.
1569 2414 1688 2481 Sonorn.

366 2518 441 2583 Hist.
454 2518 508 2595 Vl,
526 2517 556 2584 2.
583 2518 690 2605 Prosp.
707 2517 746 2583 44
761 2540 788 2583 4.
800 2516 876 2583 407.
905 2516 992 2583 Oros.
1011 2517 1049 2584 44
1064 2542 1091 2584 4.
1104 2520 1140 2587 U.
1154 2519 1188 2587 C.
1208 2518 1303 2588 1165.
1329 2521 1436 2611 Prosp.
1449 2521 1532 2611 Tyro
1548 2521 1587 2587 44
1601 2518 1689 2604 409).

367 2626 563 2693 Constantino
579 2648 697 2703 vorum,
714 2627 765 2713 qui
782 2648 847 2691 eum
863 2628 996 2692 exercitu
1012 2628 1041 2691 in
1059 2626 1182 2694 Galliam
1197 2628 1348 2717 proiectus
1363 2630 1410 2695 rel
1425 2630 1536 2697 lberiae
1551 2629 1610 2696 sibi
1624 2652 1692 2717 par-

366 2748 423 2801 tem
439 2734 613 2821 subjecerat,
631 2746 697 2799 orta
712 2734 834 2799 militum
850 2734 996 2800 seditione
1010 2736 1165 2803 interfecto
1179 2740 1283 2827 copiae
1294 2742 1389 2808 victae
1400 2762 1435 2807 ae
1450 2738 1600 2827 dispersae
1611 2748 1690 2805 sunt.
1814 2829 1815 2832 Ἴ

325 2882 328 2891 -
454 2840 611 2927 Prosper
639 2840 731 2929 Tyro
755 2842 881 2932 denique
905 2843 944 2909 44
966 2866 994 2909 4.
1009 2841 1074 2909 441
1099 2844 1173 2909 haee
1195 2858 1293 2911 notat:

460 2950 652 3016 »Britanniae
680 2972 775 3038 usque
804 2949 841 3014 44
871 2950 929 3015 hoe
956 2962 1073 3037 tempus
1095 2952 1186 3015 variis
1216 2948 1350 3017 cladibus
1372 2950 1589 3043 eventibusque
1615 2954 1692 3022 latae

366 3062 396 3125 in
420 3059 560 3124 ditionem
584 3057 739 3124 Saxonum
763 3070 940 3123 venerunt«

458 3164 538 3232 Cum
566 3164 619 3233 lis
647 3185 734 3253 quac
757 3173 890 3231 ueteres
911 3162 1091 3231 memorim
1112 3160 1333 3233 mouturam
1354 3167 1540 3253 scriptores
1568 3162 1691 3237 Galeas

360 3274 468 3363 plume
485 3274 565 3361 sere
588 3275 761 3362 congruit,
785 3276 836 3362 qui
851 3272 976 3339 Maximi
991 3271 1210 3361 expeditionem
1233 3268 1266 3360 (ᾖ
1283 3271 1335 3340 14.
1350 3272 1405 3361 Xl)
1427 3278 1611 3343 miseriamm
1626 3277 1692 3343 Bri-

365 3399 470 3451 tonum
493 3364 611 3450 causam
635 3396 724 3471 atque
747 3384 862 3447 initium
886 3380 1001 3448 habuit.
1036 3381 1063 3447 ls
1087 3384 1163 3447 enim
1186 3402 1278 3471 qnum
1301 3405 1416 3453 omnem
1434 3384 1623 3471 juventutem
1641 3386 1693 3453 de·

366 3492 501 3559 duxisset
531 3495 560 3557 in
585 3490 722 3570 Galliam,
751 3491 888 3557 Britones
917 3489 1057 3555 hostibus
1083 3492 1220 3556 resistere
1238 3491 1302 3576 jam
1323 3512 1384 3555 non
1406 3504 1554 3579 poterant.
1599 3496 1693 3584 Igitur

364 3616 436 3691 post
458 3601 556 3667 decem
580 3599 640 3665 lere
664 3622 757 3666 annos
772 3599 909 3665 Britones
931 3598 1046 3684 legatos
1061 3597 1186 3663 Romam
1208 3599 1322 3663 misisse
1339 3597 1479 3665 videntur
1501 3594 1692 3688 (§15‚Xll)‚

365 3708 450 3777 Unde
473 3709 584 3776 auxilio
607 3711 644 3774 iis
667 3708 727 3774 lato
751 3709 860 3774 vallum
884 3705 1045 3795 cespitibus
1068 3718 1284 3773 exstruxerunt
1305 3726 1332 3771 e.
1351 3728 1378 3771 4.
1402 3703 1589 3777 396-398.
1624 3711 1692 3796 Quo

369 3841 459 3908 quum
482 3820 609 3883 reversis
631 3818 772 3884 Romanis
795 3818 888 3881 arceri
912 3814 1013 3881 hostes
1035 3835 1096 3881 non
1118 3827 1257 3901 possent,
1281 3816 1387 3879 iterum
1410 3814 1584 3883 aRomanis
1606 3822 1693 3885 auxi-

365 3928 437 3993 linm
459 3929 608 4015 petierunt
631 3921 730 4013 (517.
750 3922 799 3991 18.
815 3922 908 4010 XIV).
940 3923 980 3990 Et
1002 3935 1064 3989 tum
1086 3942 1157 3987 sane
1173 3919 1300 3988 Stilicho
1323 3943 1385 3988 non
1405 3923 1503 3989 solum
1518 3926 1624 3994 milites
1639 3930 1694 3993 mi·

366 4035 497 4115 sit,·sed
520 4048 550 4101 et
571 4034 678 4101 vallum
702 4033 851 4122 lapidibus
875 4030 1090 4099 restituendum
1114 4032 1230 4096 curavit
1252 4052 1279 4096 4.
1295 4028 1362 4096 400
1385 4026 1434 4111 (el.
1459 4030 1590 4118 claua).
1626 4036 1694 4102 lam

365 4167 436 4211 vero
465 4144 566 4209 relicta
595 4142 691 4209 insula
714 4142 842 4207 Romani
870 4161 1022 4230 nunquam
1050 4161 1085 4205 eo
1109 4138 1232 4205 rediisse
1254 4136 1402 4206 ridentur.
1447 4140 1487 4207 Et
1510 4164 1600 4231 quum
1622 4158 1694 4231 post

365 4254 473 4320 multos
496 4274 589 4319 annos
605 4252 742 4318 Britones
765 4250 803 4317 ab
818 4251 907 4317 Aetio
925 4248 1068 4315 auxilium
1083 4250 1252 4337 petiissent,
1275 4248 1422 4337 repulsam
1436 4250 1577 4316 tulerunt.
1607 4251 1693 4317 Hane

366 4384 437 4426 vero
466 4361 643 4449 legationem
673 4359 781 4426 iactam
803 4358 894 4425 luisse
918 4380 945 4425 4.
968 4354 1034 4424 446
1057 4379 1096 4423 ex
1117 4357 1269 4423 literarum
1291 4358 1375 4423 initio
1399 4353 1430 4445 (5
1448 4355 1499 4425 19.
1514 4356 1597 4444 XVI)
1620 4382 1692 4427 con·

364 4468 502 4545 cluditur,
527 4468 609 4556 quod
631 4468 689 4534 hoc
711 4480 770 4533 est:
800 4468 923 4557 »Agitio
945 4479 990 4532 ter
1011 4464 1125 4532 consuli
1146 4468 1272 4553 gemitus
1287 4464 1464 4531 Britonnm‹
1492 4465 1598 4534 Aetius
1614 4473 1689 4535 enim

365 4580 461 4667 primo
478 4574 591 4645 Consul
607 4575 663 4643 luit
681 4597 746 4643 eum
762 4575 880 4643 Valerio
898 4597 925 4642 4.
942 4573 1024 4654 432,
1048 4575 1137 4641 tertio
1154 4596 1180 4641 a.
1197 4571 1272 4641 440.
1308 4574 1373 4641 Hoc
1389 4588 1487 4641 autem
1501 4598 1609 4657 44444,
1632 4582 1689 4644 nisi

365 4690 468 4752 tertius
484 4687 563 4755 Aetii
583 4685 755 4753 consulatus
772 4708 837 4755 cum
851 4688 949 4776 primo
965 4684 1012 4753 vel
1027 4682 1157 4752 seeundo
1172 4683 1262 4751 luerit
1277 4682 1433 4763 confusus,
1458 4705 1525 4751 eum
1538 4684 1687 4782 Prospero

363 4789 415 4881 (44
437 4817 463 4865 a.
480 4790 558 4879 441)
580 4807 703 4891 pugnat.
