3642 5309
271 326 320 399 78
751 350 883 399 causan
921 348 1102 399 eoumusro.

270 501 419 570 Christum
432 498 543 567 Scotos
558 500 675 579 retulit,
699 524 715 567 a
731 502 903 569 Britouibus
923 524 1007 581 sane,
1031 520 1161 591 murum
1173 500 1311 567 simillimi
1324 498 1452 569 Scuticis
1465 500 1507 569 Vl
1521 522 1586 569 aac·

269 610 335 676 culo
358 610 434 675 ritus
457 622 553 688 erent,
576 608 770 699 Evangelium
793 613 828 676 iis
844 611 872 675 V
886 612 998 679 saeculi
1018 612 1105 677 initio
1120 610 1169 676 vel
1184 622 1254 675 aute
1267 608 1469 696 praedicatum
1482 609 1583 687 icisse,

268 718 411 804 suspicari
440 717 516 783 lieet.
562 720 604 783 alt
632 741 669 785 ne
697 718 774 785 fama
804 717 922 807 quidem
951 718 988 784 de
1015 716 1199 806 emporium
1224 718 1354 784 Patricio
1382 718 1431 783 vel
1452 715 1584 783 Palladio

267 824 417 914 prioribus
440 824 601 915 quidquam
624 826 804 915 perhibitum
826 840 880 893 est
914 826 1016 893 Medio
1038 826 1156 892 domurn
1177 846 1253 892 aevo
1272 824 1481 893 stolidissime
1499 823 1586 891 labu-

267 934 313 999 lae
335 955 371 999 eo
394 946 558 1022 spectantes
585 946 655 1001 sunt
682 936 876 1025 excogitatae.
914 934 981 1001 lam
1003 957 1076 1002 vero
1098 932 1198 1001 medio
1218 933 1261 999 Vl
1279 934 1400 1001 saeculo
1421 934 1584 1001 ddncmcit.

268 1038 413 1109 Columba
435 1044 510 1109 enim
534 1055 601 1110 ante
624 1066 651 1109 a.
671 1039 736 1110 56⁵
759 1040 994 1109 Dearmacbeusc
1015 1042 1194 1110 coenobium
1216 1040 1359 1110 condidit
1395 1041 1474 1109 Hinc
1494 1044 1588 1132 igitur

222 1176 227 1185 ·
268 1152 372 1237 incipit
766 1198 769 1208 .

187 1342 189 1349 Α
354 1258 387 1324 ll
422 1256 530 1327 Aecae
551 1260 714 1341 comosa,
737 1258 846 1325 cmed
861 1256 988 1325 Vl-IX
1001 1257 1078 1325 med.
1092 1259 1219 1337 saecul,
1242 1280 1304 1349 qua
1317 1256 1478 1326 Scotorum
1494 1259 1587 1327 eccle-

267 1365 441 1446 obduruit,
464 1380 499 1433 nt
521 1388 615 1457 neque
630 1364 799 1433 Britannice
821 1388 967 1457 uuquam,
989 1388 1087 1456 nequa
1109 1368 1166 1434 alia
1187 1381 1260 1434 tunc
1280 1388 1407 1458 usquam
1430 1382 1584 1436 mnarum.

266 1474 531 1563 Frequentissiauae
552 1488 614 1541 tum
629 1474 863 1542 Hiberniensium
884 1474 1005 1543 luerunt
1019 1476 1155 1557 scholte,
1178 1474 1447 1557 scodriensem,
1469 1477 1585 1565 Anglo·

267 1604 332 1649 rnna
356 1581 568 1649 Germanorum
589 1584 770 1674 aliarumque
792 1585 924 1673 gentium
946 1586 1078 1673 magistri
1101 1588 1287 1652 exstitemut
1327 1584 1378 1653 alb
1399 1584 1478 1652 Jona
1499 1580 1585 1673 (llyi)

268 1688 424 1779 usquead
444 1688 572 1757 Bobium
594 1694 625 1756 in
646 1691 743 1770 babo,
768 1691 805 1757 ob
829 1691 1003 1757 occidentali
1023 1691 1182 1759 Hiberniae
1202 1706 1289 1782 parte
1309 1714 1405 1783 usque
1426 1693 1465 1759 ad
1487 1694 1586 1758 orien-

267 1798 340 1865 tales
364 1797 535 1865 Germaniae
556 1798 629 1864 lines
652 1797 736 1865 Senti
758 1812 820 1865 tum
843 1800 1036 1889 Evangclium
1057 1800 1280 1889 praedicarunt,
1301 1798 1500 1868 condiderant
1521 1820 1587 1866 me·

268 1908 410 1981 nasteris,
439 1906 555 1973 scholas
580 1910 781 1973 instituerunt
828 1899 914 1991 Quae
933 1930 1005 1975 vcro
1025 1921 1099 1975 tune
1118 1911 1264 1997 temporis
1285 1930 1387 1975 mmm
1409 1907 1520 1975 luerint
1540 1912 1586 1975 in·

268 1999 451 2093 clitutiunes,
485 2018 575 2093 ritus,
611 2014 780 2103 disciplina,
815 2014 951 2081 doctrim
976 2029 1037 2081 tam
1063 2038 1102 2082 cx
1130 2015 1227 2083 Bedac
1248 2016 1395 2096 llistoait,
1430 2038 1518 2106 quam
1547 2038 1586 2083 ex

269 2119 443 2200 Scotorum,
467 2126 592 2189 maxime
611 2123 803 2191 [lobiensium
823 2126 1022 2191 monumentis
1044 2128 1185 2215 cognosci
1206 2136 1316 2213 potest.
1354 2124 1445 2210 Quod
1467 2123 1585 2214 quidem

268 2229 307 2296 ad
327 2229 556 2298 eudreeuoes
578 2235 698 2311 attinet,
721 2254 782 2298 non
804 2254 895 2319 penes
913 2234 1070 2322 epiecopus
1083 2234 1131 2299 vel
1145 2234 1385 2323 archiepiscopus
1400 2230 1584 2323 gubernandi

268 2338 402 2403 ccclesias
424 2350 556 2426 potestas
579 2340 649 2418 luit,
673 2340 726 2405 sed
746 2362 836 2428 penes
859 2340 993 2407 Abbctes
1014 2344 1223 2429 seniorumque
1245 2341 1411 2430 collegium.
1445 2342 1582 2409 Attamen

268 2466 329 2511 non
351 2446 466 2532 singula
487 2448 610 2535 singsdis
633 2446 793 2513 abtaubns
815 2448 863 2513 vel
883 2451 936 2513 uni
959 2451 1057 2514 omnis
1079 2452 1256 2514 monasteria
1271 2448 1393 2515 subdita
1408 2462 1507 2527 mant,
1529 2446 1584 2515 aed

267 2555 324 2617 tria
352 2555 479 2618 maxims
510 2555 614 2640 majori
646 2553 766 2641 reliquis
797 2556 973 2620 auctoritato
1001 2554 1189 2644 gandebant,
1222 2556 1456 2622 llesrruacbeusc
1484 2551 1585 2640 (bodie

268 2656 421 2749 llurrogh)
444 2663 473 2725 in
496 2660 637 2728 Hibernia
660 2662 797 2740 australi,
825 2662 1016 2751 Bangorense
1042 2666 1075 2727 iu
1095 2664 1334 2751 septentrionali,
1363 2661 1508 2752 Hyieose,
1537 2665 1586 2729 eui

267 2768 417 2836 ffictemm
440 2769 663 2859 Auglorumque
692 2770 828 2837 ecclesiae
856 2769 994 2836 subditae
1016 2784 1108 2838 mant.
1155 2771 1240 2857 Quae
1260 2791 1438 2861 quemquem
1459 2775 1586 2837 uecmsi·

266 2876 369 2943 tudinc
391 2880 467 2943 inter
488 2899 536 2954 se,
560 2880 730 2965 rursumque
752 2900 788 2943 ae
809 2876 962 2943 doctrinae
983 2878 1176 2947 similitudine
1195 2891 1280 2945 eraut
1298 2880 1469 2966 cunjuncta,
1492 2878 1586 2945 libera

267 2998 365 3051 tamen
386 2998 470 3050 erent
491 2984 571 3049 alind
594 2984 631 3049 ab
654 2986 728 3063 alio,
758 2984 841 3073 qued
869 3007 907 3049 ex
928 2990 1139 3052 controversiis
1161 2986 1351 3075 paeebulibus
1372 2988 1494 3077 intelligi
1516 2986 1585 3055 tices

268 3088 358 3174 (conl.
381 3089 461 3157 Beda
484 3113 510 3157 e.
530 3092 570 3168 ll,
590 3090 634 3157 llL
658 3091 753 3178 Epist.
776 3090 935 3174 cumiani).
982 3093 1182 3183 Quaecunque
1208 3117 1282 3161 uero
1309 3118 1328 3160 a
1357 3095 1509 3161 monacbis
1537 3094 1586 3161 uel

268 3202 414 3288 episcopis
437 3198 495 3265 alia
510 3198 581 3263 alias
597 3200 774 3265 monetaria
789 3199 1061 3280 constituebantur,
1084 3205 1122 3268 iis
1143 3225 1163 3267 s
1184 3222 1245 3291 qno
1267 3200 1393 3291 profecti
1414 3202 1585 3270 conditores

268 3320 366 3385 eraut,
389 3327 540 3394 nunquam
560 3328 621 3402 aon
643 3306 800 3395 parebant,
825 3321 861 3375 ut
880 3309 1065 3399 Bangoreusi
1089 3308 1265 3377 Columbsni
1286 3313 1495 3401 sociorumque
1516 3334 1586 3379 cne-

267 3415 373 3494 nebie,
403 3413 687 3502 Northauymbrieae
716 3416 852 3483 ecelesiae
875 3416 1007 3505 Hyiensi.
1053 3414 1155 3485 Busa
1178 3417 1284 3484 deinde
1304 3422 1381 3515 sqeri
1403 3418 1455 3485 Vll
1476 3418 1585 3487 saeculi

267 3525 352 3589 initio
374 3522 460 3589 iidem
484 3522 620 3589 omnibns
644 3536 727 3589 ment
748 3518 847 3606 (conl
870 3522 943 3589 eeu
966 3524 1061 3603 11,t.
1085 3522 1155 3609 19).
1201 3526 1246 3591 Ac
1267 3526 1336 3593 licet
1356 3527 1499 3593 Praebent
1522 3528 1585 3594 llo-

266 3652 380 3697 mansan
403 3628 611 3697 Hibernienses
633 3632 775 3697 australes
793 3632 856 3717 jem
878 3631 975 3697 modio
998 3632 1059 3697 fera
1082 3630 1134 3698 Vll
1155 3633 1274 3699 sucule
1303 3629 1393 3716 (conl.
1416 3634 1473 3723 llp.
1498 3634 1582 3703 Cum.

268 3737 339 3804 lled.
354 3738 404 3817 lll,
420 3736 464 3822 3),
487 3736 544 3803 sub
566 3738 652 3803 Γιιιοιιι
675 3738 805 3825 ejusdem
829 3740 1086 3829 septentrionales,
1109 3738 1178 3807 dein
1193 3742 1269 3809 Picti
1290 3738 1330 3825 (aa
1347 3739 1427 3827 tto)
1440 3743 1587 3832 llyienses

268 3844 393 3933 denique
414 3845 551 3911 monacbi
572 3868 597 3912 a.
615 3844 679 3911 729
703 3868 761 3913 una
785 3868 851 3913 curu
875 3848 940 3913 aliis
961 3848 1070 3914 ritibus
1093 3842 1178 3929 (Sed.
1194 3850 1243 3928 lv,
1260 3847 1296 3934 l)
1318 3852 1514 3938 accepissent,
1537 3863 1585 3917 te·

268 3974 332 4021 men
355 3955 387 4019 iu
409 3953 472 4021 eliis
493 3952 597 4030 rebus,
622 3956 829 4042 episcoporum
852 3956 963 4021 scilicet
984 3955 1187 4034 ordinatione,
1209 3956 1375 4045 baptismo,
1398 3961 1585 4025 matrimonio

268 4060 440 4128 allemanie
462 4060 647 4139 dissensisse,
672 4084 709 4127 ex
725 4062 869 4127 Bonilacii
891 4084 960 4130 cura
974 4063 1100 4153 Virgilio
1122 4078 1154 4130 et
1166 4063 1332 4153 sampson
1345 4066 1445 4133 Sectis
1464 4080 1586 4133 centru-

268 4171 363 4235 versia
385 4191 411 4235 e.
426 4192 453 4235 u.
470 4166 535 4237 tlt
557 4181 660 4237 netum
683 4182 729 4235 cst
750 4164 840 4253 (enni.
864 4170 963 4237 Usser.
987 4169 1110 4261 Sylloge
1130 4171 1202 4238 XVl
1216 4187 1248 4239 et
1262 4173 1340 4260 cet).
1377 4174 1434 4259 Qui
1456 4196 1529 4241 vero
1552 4178 1584 4241 in

269 4275 362 4344 Gallis
384 4300 418 4343 ac
432 4276 564 4343 Helvetia
584 4288 613 4342 et
631 4276 714 4343 ltalia
729 4275 811 4343 Senti
834 4292 933 4358 erant,
956 4302 974 4344 a
990 4278 1144 4346 Gallorum
1163 4293 1194 4346 et
1207 4280 1409 4348 &manorum
1425 4282 1586 4350 ritualibus

267 4408 327 4451 uon
350 4408 445 4474 panea
465 4387 594 4453 mutuari
616 4398 782 4474 coeperunt.
816 4383 1017 4471 Disciplina
1034 4400 1148 4465 amm,
1171 4390 1268 4477 qualis
1282 4389 1387 4468 luerit,
1409 4412 1448 4457 ex
1463 4389 1584 4458 Colum·

266 4492 336 4561 beni
358 4493 467 4583 regulis
489 4495 615 4561 menime
636 4495 764 4583 perspici
785 4493 854 4560 licet
877 4489 968 4576 (conl
985 4494 1066 4562 Beda
1080 4496 1120 4573 ll,
1139 4494 1164 4562 l
1183 4510 1214 4563 et
1228 4494 1306 4580 cot).
1345 4496 1436 4583 Quod
1455 4497 1584 4589 (hique

268 4599 307 4667 sd
328 4598 518 4669 doctricem
540 4604 681 4689 pertinet,
706 4624 757 4669 ees
780 4623 841 4668 nen
862 4614 979 4670 tanturm
1000 4606 1091 4671 sacris
1113 4604 1205 4671 litum
1226 4605 1282 4672 sed
1301 4618 1332 4673 et
1348 4606 1462 4673 artibus
1476 4606 1585 4674 libera·

267 4707 346 4777 libus
368 4708 537 4779 incubuisse
558 4732 644 4779 nemo
665 4712 768 4777 nescit.
812 4710 999 4800 Pelegiauam
1022 4698 1141 4801 quoqne
1162 4713 1307 4781 baeresim
1330 4712 1371 4779 ad
1389 4712 1499 4783 Sestos
1519 4715 1586 4782 illa·

268 4829 328 4883 tam
350 4814 440 4885 luisse
462 4840 500 4886 ex
521 4818 665 4889 lobannis
686 4819 777 4885 literis
800 4814 889 4901 (bed.
912 4819 951 4898 ll,
976 4816 1036 4903 19)
1066 4821 1165 4911 redigi
1191 4822 1273 4904 licet,
1304 4842 1481 4913 quanquam
1502 4824 1583 4891 illius
