3642 5309
627 362 694 409 err.
713 360 746 409 v.
782 360 964 411 accursus.
1401 339 1447 413 41

34 572 35 575 ,
133 512 214 581 aliud
235 510 286 580 ibi·
300 526 367 581 ante
388 514 468 581 lnam
491 515 701 581 monasterium
723 512 875 580 conditum
898 512 990 580 luisse
1004 512 1132 580 videtur.
1167 510 1229 581 Sed
1250 515 1352 580 ethoc
1365 513 1452 582 ualde

132 621 255 689 dubium
278 636 333 689 cst.
662 656 664 662 ⁸

222 728 370 813 euocato
396 750 479 799 aero
506 731 608 801 medii
637 730 716 799 ccci
741 728 872 818 fabulis
896 732 938 798 de
960 729 1163 819 motiquitatc
1184 728 1346 799 ecclcsiae
1367 731 1454 801 aad

133 840 263 907 cumben
287 842 424 921 ecimus,
447 841 517 907 miei
536 840 612 921 boc,
635 838 793 908 Surenas
816 838 864 905 ibi
883 847 1053 906 1111111111
1072 837 1249 907 ecclesium
1270 841 1451 925 1111111111,

133 968 271 1037 eamque
293 946 406 1015 Euldc
433 946 549 1016 loirolre
570 968 721 1017 vocasse.
767 950 847 1015 lllam
869 971 941 1015 vero
964 952 1130 1037 regionem,
1163 951 1194 1013 io
1217 971 1276 1038 qua
1299 950 1453 1017 Glastonia

133 1070 178 1123 est
199 1060 270 1134 sita,
301 1046 438 1123 Saxones
461 1057 557 1123 medio
582 1058 621 1122 Vl
644 1057 760 1123 sacculo
791 1056 849 1123 eibi
877 1058 1045 1143 subjecisse·
1068 1057 1216 1123 videntur.
1261 1057 1301 1124 Et
1327 1059 1371 1126 ibi
1397 1083 1452 1147 per

133 1166 200 1252 plus
230 1187 316 1253 quam
346 1178 461 1231 centum
491 1187 583 1231 annos
612 1165 716 1254 religio
741 1164 908 1232 Christiana
937 1186 1081 1254 oppressa
1108 1164 1179 1244 luit,
1207 1188 1303 1255 usqne
1324 1168 1364 1233 ad
1384 1169 1452 1235 luae

134 1268 175 1354 (a.
193 1268 275 1357 688)
299 1276 377 1361 regis
400 1286 542 1361 tempora.
588 1273 689 1363 ltaque
712 1286 741 1339 et
762 1273 861 1361 hujus.
878 1273 1015 1339 ecclesiae
1038 1286 1229 1342 monumenta
1249 1274 1366 1365 perdita
1388 1299 1451 1344 esse

134 1379 296 1447 mumdum
319 1401 381 1445 non
404 1394 457 1447 est.

219 1489 369 1555 Adeamus
387 1490 450 1576 jarn
476 1485 653 1554 Cambriue
676 1484 846 1555 ecclesias.
892 1487 1108 1579 Antiquissima
1130 1489 1187 1557 init

220 1596 250 1664 8.
292 1595 378 1663 Urbs
399 1592 585 1685 Lepiureum
613 1596 651 1663 ad
672 1594 778 1663 Uscana
804 1596 923 1663 flumen.
968 1599 1013 1664 lbi
1040 1600 1125 1665 initio
1152 1598 1195 1663 lv
1216 1601 1325 1665 saeculi
1348 1601 1451 1669 Aaron

134 1719 160 1772 et
179 1704 278 1772 Julius
301 1718 425 1771 mortem
447 1705 594 1773 obierunt
640 1703 709 1769 lude
739 1724 809 1769 vero
839 1727 934 1795 usque
962 1706 999 1771 ad
1028 1706 1083 1772 llll
1106 1707 1255 1774 saeculum
1284 1712 1356 1774 certi
1378 1710 1451 1776 nihil

134 1818 288 1881 invenitur.
336 1812 473 1883 Giroldns
497 1808 547 1895 (lt.
564 1812 590 1891 1,
607 1811 645 1898 5)
668 1826 728 1879 tres
752 1826 903 1879 enumerat
926 1814 1075 1893 ecclesias,
1104 1818 1228 1903 primurn
1257 1814 1349 1882 »Julii
1375 1839 1451 1883 mar-

135 1925 202 2011 tyris
228 1924 362 2012 virgineo
385 1920 449 1987 Deo
480 1919 643 1987 dicatarum
671 1922 849 2011 regularium
878 1923 971 1989 choro
996 1935 1200 1989 venustatam«
1229 1924 1358 1991 daronis
1380 1928 1451 1993 altc-

136 2053 204 2110 ram,
232 2033 348 2097 tertiam
371 2030 646 2117 »metropolitanam
669 2031 761 2095 totius
777 2029 954 2098 cambriae·
981 2053 1068 2120 11111111
1091 2031 1213 2099 eandem
1237 2034 1451 2101 sesecundum

138 2160 190 2206 esse
218 2137 343 2205 Galiridi
365 2140 467 2227 opinio
491 2150 544 2204 est.
583 2136 681 2226 Prope
704 2138 781 2204 hanc
803 2138 906 2205 urbem

220 2245 250 2313 9.
290 2243 464 2312 Lcuduvu
486 2258 545 2324 est,
575 2246 659 2312 sedes
683 2248 874 2335 episcopalis,
904 2269 992 2336 quam
1015 2270 1033 2313 a
1054 2248 1198 2317 Dubricio
1222 2272 1286 2317 esse
1308 2242 1467 2320 constitu-¹

137 2369 186 2423 tam
211 2378 315 2421 omnes
338 2356 534 2421 consentiunt.
573 2354 750 2443 Antiquiora
771 2354 939 2423 Annalibus
962 2354 1080 2423 Cambr.
1104 2372 1295 2426 monuments
1315 2382 1377 2425 non
1399 2384 1451 2427 ex·

137 2480 224 2545 staut,
248 2468 280 2531 in
303 2464 412 2553 quibus
432 2463 536 2530 Dibric
558 2463 659 2529 obitus
683 2462 721 2529 ad
743 2486 770 2529 a.
789 2459 854 2531 612
876 2477 998 2531 notatus
1020 2478 1073 2532 est.
1109 2466 1193 2533 Unde
1215 2467 1352 2535 concludi
1373 2469 1450 2550 licet,

139 2576 282 2642 ecclesiam
304 2575 389 2637 istam
412 2570 459 2637 vel
482 2571 580 2638 sedern
604 2575 694 2659 episc.
718 2576 909 2639 constitutam
931 2572 1022 2640 fuisse
1045 2573 1101 2640 sub
1125 2575 1253 2643 medium
1276 2576 1317 2642 Vl
1332 2579 1449 2646 sacculi.

137 2682 219 2749 Plura
242 2680 280 2748 de
295 2681 350 2747 hac
365 2678 486 2746 ecclesia
500 2676 608 2744 Liber
620 2676 863 2744 carcacensis
881 2678 987 2757 tradit,
1012 2702 1097 2769 quero
1113 2682 1247 2750 Societas
1263 2682 1451 2751 cambrensis

137 2788 218 2857 1810
240 2788 386 2857 edendum
408 2788 532 2853 curavit.
567 2786 653 2851 Hunc
676 2808 753 2852 anno
776 2782 941 2851 iere1132
963 2790 1106 2875 scriptum
1129 2810 1193 2855 esse
1215 2812 1254 2855 ex
1276 2812 1311 2856 ec
1329 2793 1451 2880 conjici·

134 2911 185 2979 tur,
211 2898 296 2988 quod
317 2896 357 2962 ad
379 2892 508 2962 11132
531 2892 674 2982 perducta
697 2893 837 2971 historia,
861 2892 974 2960 Urbani
988 2916 1060 2961 vero
1082 2918 1163 2962 mors
1185 2895 1316 2965 11133
1336 2903 1452 2967 nonsit

133 3007 228 3073 relata.
263 3004 332 3071 Non
353 3016 451 3070 tamen
472 3002 556 3068 finita
578 3002 621 3069 ibi
642 3002 767 3069 historia
790 3024 868 3079 esse,
892 3001 945 3068 scd
966 3000 1036 3070 folia
1059 3006 1212 3093 sequentia
1235 3005 1334 3074 deesse
1349 3006 1451 3075 viden-

34 3120 36 3129 '
133 3128 190 3195 tur,
223 3112 278 3180 sed
304 3112 362 3179 hoc
391 3111 429 3177 ad
451 3124 553 3179 nostra
575 3111 649 3177 uihil
670 3112 806 3199 pertinet.
846 3108 1005 3177 Videamus
1027 3114 1145 3200 potius,
1172 3135 1244 3180 num
1269 3118 1451 3205 antiquiores

133 3226 159 3287 in
180 3221 339 3290 colentes
361 3220 478 3286 lateant.
524 3218 662 3285 Urbanus
686 3217 804 3307 quidem
832 3221 863 3283 in
885 3220 1003 3308 synodo
1025 3220 1185 3287 Rhcmensi
1210 3220 1294 3290 1119
1325 3223 1452 3291 »Chiro-

132 3332 275 3420 grapbum
299 3328 434 3395 Teliani«
471 3326 610 3405 adduxit,
640 3330 691 3415 qui
713 3324 848 3391 Dubricii
876 3324 1005 3393 habetur
1033 3350 1194 3395 successor.
1239 3330 1295 3397 Hic
1322 3331 1399 3399 liber
1425 3335 1451 3400 si

132 3462 195 3506 vere
226 3440 354 3515 exstitit,
392 3458 487 3525 neque
513 3435 654 3501 historiae
679 3432 881 3500 Laudavensis
913 3434 1074 3523 quidquam
1102 3439 1160 3501 nisi
1186 3439 1269 3504 initia
1295 3444 1449 3521 continuit,

34 3536 35 3571 ³
132 3568 239 3638 neque,
269 3545 364 3635 qualis
386 3544 490 3622 fuerit,
520 3542 608 3609 hodie
632 3544 749 3631 exquiri
770 3554 878 3629 potest.
920 3541 1120 3632 Quaecunque
1142 3547 1270 3612 enimin
1292 3546 1370 3614 libro
1393 3553 1450 3618 isto

131 3657 238 3723 tradita
257 3666 342 3733 sunt,
372 3652 445 3719 adeo
468 3654 546 3719 inter
565 3672 596 3716 se
616 3652 720 3717 similia
738 3662 810 3716 sunt
831 3672 966 3717 sermone
988 3664 1018 3717 et
1030 3652 1149 3719 fictione
1170 3665 1206 3719 ut
1227 3660 1326 3721 omnia
1348 3657 1451 3724 eodem

34 3782 35 3841 j
132 3764 187 3830 iere
209 3776 344 3850 tempore
366 3764 475 3849 scripta
498 3782 560 3826 esse
582 3759 666 3825 iacile
689 3772 840 3847 appareat.
881 3759 944 3825 Tot
965 3781 1037 3825 vero
1060 3782 1156 3849 ungas
1178 3774 1209 3828 et
1230 3762 1359 3843 iabulas,
1390 3779 1451 3850 1111

34 3914 36 4029 l

131 3872 324 3961 repugnantia
348 3892 381 3935 ac
403 3870 489 3957 plane
512 3867 641 3935 absurda
663 3866 736 3933 liber
758 3866 896 3945 exhibet,
920 3880 1037 3934 utnon
1059 3868 1155 3935 solum
1171 3872 1287 3939 irritum
1301 3876 1356 3951 sit,
1380 3897 1450 3942 vera

132 4002 147 4044 1
174 3980 271 4057 lalcis,
302 3980 421 4067 antiqua
450 4000 467 4043 a
496 3974 708 4043 recentioribus
735 3974 940 4043 additamentis
963 3998 1129 4057 secernere,
1158 3978 1211 4045 scd
1233 4002 1287 4047 nec
1308 3981 1360 4046 ulli
1382 3985 1450 4048 usui

133 4087 226 4155 luerit.
270 4084 426 4153 Sufficiant
448 4084 591 4174 quaedam
613 4086 796 4172 ignorantiae
819 4104 853 4149 ac
876 4077 1056 4152 credulitatis
1077 4088 1246 4175 specimina.

216 4194 379 4262 Dubricius
402 4216 419 4261 1
442 4194 588 4261 Germano
611 4192 862 4282 Arcbiepiseopus
884 4191 981 4259 factus
1005 4206 1035 4260 et
1057 4195 1237 4284 apostolicae
1259 4194 1336 4263 sedis
1359 4197 1449 4265 luisse

132 4305 243 4395 legatus
267 4302 383 4369 dieitur.
426 4298 1022 4370 111111οωί1111.6121111111111111.
1066 4303 1164 4391 Hujus
1186 4318 1284 4370 autem
1307 4305 1448 4372 Teliauus

133 4434 296 4490 successor,
321 4410 435 4477 Teliaui
452 4407 610 4476 Oudoccus
627 4408 815 4495 perhibetur,
841 4432 857 4474 1
881 4431 942 4498 quo
966 4409 1023 4477 sub
1039 4410 1081 4475 Vl
1095 4412 1205 4477 saeculi
1226 4413 1313 4478 linem
1336 4412 1449 4480 3111-

132 4520 267 4587 davensia
296 4518 419 4585 concilia
447 4517 549 4583 habita
579 4516 670 4583 inisse
698 4517 788 4606 vulgo
819 4517 957 4583 creditur.
1004 4517 1046 4584 At
1074 4522 1100 4584 si
1128 4517 1304 4586 Dubrieium
1332 4519 1449 4589 1612

133 4628 244 4696 demum
267 4627 425 4693 decessisse
447 4638 507 4691 tam
529 4625 658 4692 Annales
683 4623 801 4692 Cambr.
827 4646 914 4714 quarn
941 4624 1015 4693 liber
1037 4626 1129 4695 Laud.
1153 4628 1299 4705 referunt,
1333 4626 1447 4697 Oudo-

133 4757 205 4805 ccco
234 4738 348 4803 codun
376 4744 523 4821 tempora
552 4734 731 4822 episcopus
761 4733 810 4799 ibi
836 4754 904 4801 11111
931 4734 1023 4821 fuit,
1058 4755 1166 4824 neque
1199 4732 1345 4803 cmcilia
1377 4738 1448 4805 ista

138 4842 596 4927 momentanearum,
626 4844 690 4913 sed
717 4844 749 4911 si
778 4842 910 4911 11111111
940 4840 1059 4911 babitu
1082 4854 1180 4927 11111,
1214 4842 1279 4912 VII
1299 4846 1446 4915 scendo.
