3642 5309
273 340 324 415 80
753 362 819 411 car.
838 350 884 426 rx.
923 360 1106 419 commocio.

271 516 334 583 Hac
355 536 427 581 vero
449 526 559 592 aetate,
583 534 653 578 nurn
671 512 818 593 doctrina,
842 516 1057 593 institutiones,
1080 518 1157 580 ritus
1171 510 1259 581 iidem
1273 508 1398 593 luerint,
1422 510 1510 581 aeVl
1523 534 1589 581 sac·

271 624 353 703 crdo,
377 644 467 711 quum
484 623 637 688 Britonum
661 622 797 689 ecclesiae
819 622 945 689 historia
965 623 1004 689 alr
1026 646 1054 689 a.
1070 620 1136 690 385
1159 621 1220 688 lere
1241 642 1337 711 usque
1359 621 1398 689 ad
1414 619 1489 699 520,
1513 620 1589 688 Sco·

271 734 345 798 ticae
366 752 438 796 sero
462 729 499 797 ab
522 726 697 796 tat-563
715 730 889 797 intenebris
899 732 1012 818 jaceat,
1037 732 1154 821 exquiri
1175 731 1286 819 nequit
1320 728 1383 797 Sed
1396 750 1589 819 summoque

272 840 407 906 ecclesiae
435 842 589 928 utriusque
616 837 705 905 luerit
733 840 832 928 origo,
863 840 913 905 illa
941 862 1017 929 quae
1039 862 1057 905 a
1079 838 1121 904 Vl
1143 840 1261 906 saeculo
1282 861 1380 930 usqne
1401 837 1440 904 ad
1461 836 1589 905 medium

270 948 313 1014 tx
334 970 409 1015 saec.
432 950 463 1013 in
485 947 635 1015 Britannia
664 960 694 1013 et
715 938 856 1014 Hibernia
878 947 995 1026 floruit,
1026 945 1194 1015 Gallicanae
1224 947 1342 1015 alumna
1369 945 1506 1014 habenda
1533 958 1588 1013 est.

272 1056 369 1143 Quum
391 1078 463 1121 vero
487 1054 635 1123 Gallicana
658 1068 687 1121 et
708 1055 841 1122 Romana
860 1056 923 1142 jam
945 1054 1039 1121 multa
1059 1057 1210 1146 coepisset
1236 1056 1328 1124 altera
1350 1055 1389 1123 ala
1412 1055 1504 1123 altera
1526 1075 1590 1121 mu·

270 1168 363 1244 tueri,
386 1165 554 1232 Britannica
576 1166 729 1254 pristinam
750 1162 966 1252 simplicitatem
987 1165 1110 1230 retinnit
1131 1185 1167 1230 ac
1187 1165 1252 1232 sola
1265 1186 1433 1255 germanam
1447 1177 1478 1232 et
1490 1182 1589 1229 reram

272 1272 399 1341 Celticae
422 1273 558 1341 ecclesiae
580 1273 727 1360 expressit
747 1274 912 1361 imaginem.
947 1272 1112 1339 Literarnm
1127 1293 1278 1341 sacrmum
1293 1272 1411 1353 antio,
1433 1275 1511 1339 vitae
1526 1292 1590 1337 mo·

271 1385 415 1461 nesticae,
443 1379 659 1471 peregrinando
689 1378 879 1447 addictissimi
902 1378 1023 1448 luerunt
1043 1392 1104 1447 tarn
1125 1378 1281 1462 Britones‚
1310 1404 1398 1472 quan
1420 1378 1514 1449 Sesti.
1530 1434 1536 1445 .
1552 1378 1590 1445 Hi

271 1478 343 1557 verd
373 1512 463 1579 quum
492 1501 571 1555 totos
599 1511 631 1555 se
659 1487 763 1555 darent
783 1487 945 1578 Evangelio
974 1488 1063 1579 longe
1090 1489 1208 1579 lateque
1230 1488 1447 1579 praedicando,
1481 1488 1524 1554 illi
1552 1508 1588 1553 ne

210 1600 216 1613 '
272 1596 443 1667 Saxonibus
466 1595 584 1686 quidem
606 1594 811 1663 convertendis
833 1618 954 1685 operam
977 1594 1132 1664 dederunt.
1174 1597 1258 1665 Sesti
1281 1597 1477 1665 barbarorum
1500 1597 1591 1663 exsti·

161 1769 173 1803 ,
271 1718 371 1773 terunt
399 1704 551 1783 doctores,
580 1704 717 1771 Britones
744 1725 816 1771 vero
845 1707 931 1795 quasi
957 1707 989 1770 in
1017 1706 1153 1772 claustris
1181 1706 1288 1773 reclusi
1311 1706 1400 1773 semel
1421 1718 1536 1772 tantum
1558 1705 1590 1768 in

272 1836 387 1881 menam
409 1811 585 1903 prodierunt
606 1834 701 1901 neque
723 1815 916 1901 conspicuum
939 1834 1070 1903 unqom
1092 1816 1123 1879 in
1144 1814 1338 1905 propaganda
1360 1827 1391 1880 et
1410 1809 1591 1901 divulganda

271 1922 412 2011 religione
435 1920 593 1990 christiana
610 1921 707 1987 locum
723 1932 890 1989 tenuerunt.
925 1921 1006 2007 Quid
1019 1922 1134 1989 multa?
1156 1923 1311 2013 Apostolis
1326 1923 1382 2002 illi,
1406 1922 1438 1989 lri
1452 1922 1592 1989 Anatho·

272 2032 342 2096 retis
365 2029 554 2119 comparandi
576 2040 655 2096 aunt.

359 2138 408 2206 Ex
435 2140 563 2229 antiquis
590 2140 683 2227 igitur
704 2135 852 2217 lontibus,
882 2138 998 2226 rejectis
1021 2140 1220 2228 posteriorum
1242 2138 1366 2218 sabulis,
1396 2140 1591 2206 ecclesiastiea

272 2244 491 2313 Britanniarmn
513 2246 638 2312 historia
661 2245 773 2312 hauriri
794 2257 902 2334 potest.
939 2245 1003 2313 Nos
1024 2269 1097 2313 vero
1118 2268 1258 2337 magnum
1280 2247 1409 2315 irnctum
1432 2248 1590 2337 capiemus,

272 2359 297 2421 si
318 2358 348 2420 in
370 2366 453 2421 tanta
475 2354 600 2421 lontium
623 2351 804 2421 obscuritate
825 2366 857 2420 et
876 2356 1025 2443 paucitate
1046 2354 1078 2421 id
1098 2358 1207 2423 erimm
1229 2360 1396 2439 consecuti,
1424 2370 1461 2425 nt
1480 2370 1588 2425 eertum

273 2461 392 2552 aliquod
415 2484 449 2529 ac
472 2482 573 2529 verum
595 2462 736 2528 historiae
758 2460 980 2530 fundamentum
998 2464 1137 2549 jaciatur.

640 4776 799 4841 assotum,
819 4776 912 4825 ruris
932 4774 1071 4825 ensrsvr
1091 4778 1229 4841 senann,

831 4868 1000 4915 onum.
1011 4868 1040 4906 sr.
